2932 4722
749 327 788 389 34

281 430 788 514 ninamveterisacademiae
802 436 1173 543 &Peripateticorum
1191 440 1265 516 dis-

277 546 418 649 ciplinia
448 551 590 629 nedirm
612 568 780 658 separet,
805 557 1022 634 communia
1040 555 1206 634 Platonis
1228 571 1267 634 et

278 664 491 745 Aristotelis
526 671 733 774 principia,
759 674 953 758 communi
976 675 1174 763 sermone,
1208 673 1268 751 iis·

279 781 443 886 demque
480 786 608 864 verbis
643 790 932 894 interpretatur.
967 789 1076 885 Qutd
1106 793 1138 868 si
1175 791 1266 871 veri)

278 911 385 976 tanto
409 915 564 981 auctore
590 903 750 986 fidentes
765 968 774 999 ,
792 934 883 985 vera
901 910 1019 1013 Lycaei
1038 909 1267 986 documenta

277 1014 630 1120 explanaverimus,
648 1052 725 1127 quo
739 1052 842 1104 nunc
855 1026 1075 1106 vocabimus
1086 1027 1263 1114 nomine,

277 1133 499 1212 innumeros
519 1136 610 1214 istos
624 1142 679 1215 rei
698 1142 839 1219 criticae
859 1144 1089 1245 agitatores,
1110 1144 1177 1246 qui
1193 1170 1268 1218 ma-

277 1250 387 1350 gistri
406 1252 634 1333 Rhetoricen
654 1270 693 1334 et
711 1259 907 1348 poeticen,
941 1259 1159 1337 omnimodo
1182 1287 1265 1363 pre-

276 1393 408 1460 mere,
448 1396 616 1463 vexare,
645 1389 827 1482 torquere
852 1375 955 1456 enisi
984 1391 1097 1468 sunt,
1136 1391 1176 1455 et
1206 1403 1268 1454 ne

276 1488 470 1590 quaquam
499 1517 634 1570 verum
660 1493 681 1570 ὲ
719 1523 797 1598 quo
823 1512 960 1574 caetera
987 1490 1176 1600 praecepta
1207 1496 1268 1572 de·

276 1616 439 1681 currunt
488 1607 631 1684 fontem
673 1609 779 1687 adire
815 1613 1140 1690 deliberaverunt.
1180 1614 1266 1689 Cor-

276 1747 388 1799 ruere
418 1723 535 1826 igitur
565 1725 587 1802 ὲ
615 1753 765 1806 summo
793 1755 924 1807 omncs
965 1742 1005 1807 et
1036 1729 1266 1834 injuriarum

276 1850 314 1914 et
336 1841 556 1943 captionum
575 1855 614 1920 et
636 1844 846 1924 imbellium
865 1843 1179 1950 argumentorum
1193 1869 1268 1923 ma2

275 1954 396 2031 chinae
415 1960 508 2032 mihi
517 1959 668 2060 jamdiu
688 1962 778 2040 visae
792 1977 897 2052 sunt,
915 1962 1056 2066 quibus
1071 1963 1135 2039 illa
1145 1962 1265 2040 divini

275 2070 439 2173 ingenii,
461 2086 499 2149 et
518 2075 636 2177 ipsius
656 2076 731 2152 imi)
752 2078 912 2154 rationis
926 2091 1114 2178 praecepta
1127 2077 1266 2152 distur-

275 2187 402 2266 banda
425 2217 469 2268 ac
491 2189 697 2296 ejicienda,
719 2207 838 2296 pactae
855 2192 970 2269 simul
989 2181 1205 2294 arrogantia
1227 2206 1267 2269 et

275 2310 492 2411 ignorantia
532 2312 863 2414 conspiraverunt.
907 2303 1191 2412 Resurgendam
1229 2323 1267 2386 et

275 2425 488 2500 Aristotelis
502 2451 653 2500 omnem
668 2423 843 2502 similiter
854 2427 902 2500 de
927 2441 1008 2500 arte
1027 2427 1263 2515 doctrinam,

275 2539 393 2641 priori
401 2541 482 2641 jam
496 2525 647 2617 labente
663 2542 809 2629 seculo,
825 2542 1121 2645 praenuntiabat,
1141 2571 1268 2619 recen·

274 2660 415 2736 tiorum
435 2656 498 2733 ille
522 2685 792 2760 germanarum
808 2659 1024 2736 litterarum
1043 2655 1152 2734 facile
1166 2660 1267 2762 prin-

275 2802 385 2879 ceps,
408 2776 648 2878 Lessingius,
671 2777 737 2880 qui
771 2803 855 2852 eam
875 2771 1029 2879 penitus
1045 2769 1205 2852 noscere
1226 2800 1265 2850 se

275 2891 529 2994 praedicabat,
558 2905 598 2966 et
636 2885 916 2993 explanandam
951 2890 1054 2968 certe
1084 2891 1266 2994 suscepis-

181 3008 191 3017 ”
274 3021 352 3095 set,
369 3006 442 3083 nisi
456 3005 607 3112 plenam
627 3005 751 3108 operis
767 3065 776 3094 ,
793 3003 870 3082 non
890 3004 1025 3081 diebus
1044 3001 1163 3082 vitam
1181 3031 1263 3084 sors

273 3125 551 3228 intercepisset.
752 3127 755 3132 ’
996 3121 999 3126 ’
1055 3121 1058 3128 ’
1196 3121 1199 3128 “

329 3242 459 3318 Sentio
478 3233 674 3344 equidem,
701 3243 731 3318 si
752 3268 797 3318 ex
820 3243 890 3318 haic
909 3243 1167 3344 disputatione
1191 3244 1265 3320 cla·
1308 3339 1314 3350 η

277 3385 364 3435 rum
388 3359 478 3434 satis
502 3357 679 3461 prodeat,
704 3355 1156 3437 Aristotelis'doctrinam
1184 3355 1265 3463 par-

280 3476 450 3554 ticularis
473 3490 512 3552 et
536 3476 761 3554 universalis
784 3473 919 3554 notitia
937 3471 1101 3580 aperiri,
1120 3475 1203 3553 ¹sort}
1222 3491 1265 3553 ut

282 3595 503 3673 eorumdem
530 3594 758 3671 cohaerentia
781 3609 819 3672 et
847 3596 1081 3698 comparatio
1104 3591 1268 3696 ampliirs

281 3727 380 3791 esset
398 3712 708 3807 demonstranda.
731 3715 814 3790 llaec
842 3725 988 3802 autem,
1009 3728 1055 3804 ct¹
1075 3711 1269 3815 metaphy-
