2932 4722
631 259 669 322 15

143 365 282 468 ipsam,
305 367 366 444 cui
386 378 426 441 et
442 364 523 442 haec
547 364 777 452 consentiet,
800 353 1136 446 demonstrationis

142 483 327 560 beneficio
350 483 509 559 donare.
533 485 704 584 Namque
724 469 896 557 omnium
919 482 1051 558 cadem
1080 494 1137 558 est

144 600 391 676 scientiarum
406 593 626 678 necessitas.
641 598 715 674 Sed
725 598 772 675 de
782 598 841 675 his
851 601 933 702 jam
945 602 1035 677 sat-is
1046 601 1140 675 dixi·

142 723 250 803 mus,
282 727 327 792 ut
354 729 483 819 pateat
506 713 591 819 q'uae
610 715 660 791 sit
678 714 891 792 Aristotelis
911 715 959 790 de
982 715 1140 791 humani

144 832 361 911 intellectis
375 837 532 924 naturit,
548 831 602 910 ¹de
619 832 781 911 rationis
796 833 958 910 artificio
976 857 1142 909 commu-

146 947 206 1025 nis
220 949 436 1053 disciplina.
448 950 594 1044 Quibus
605 977 708 1027 nunc
723 950 941 1053 praemissis
953 947 1143 1051 quomodo

143 1067 405 1173 ingenuarum
431 1071 572 1147 artium
591 1069 799 1147 Theoricen
819 1068 1039 1147 fundaverit
1063 1069 1142 1143 Sta-

146 1186 294 1288 gyrita‚
316 1188 527 1266 videamus.
977 1174 979 1178 ¹

139 1369 142 1378 .
202 1307 285 1379 Duo
322 1305 403 1381 haec
435 1307 553 1407 igitur
584 1307 754 1382 inomni
783 1330 824 1380 re
857 1301 1026 1408 primdm
1045 1303 1141 1378 aesti-

147 1421 288 1498 manda
308 1435 416 1512 sunt,
439 1424 591 1501 diverso
610 1431 738 1501 'autem
759 1423 890 1512 modo,
914 1419 1143 1524 particulare

148 1536 290 1641 nempe
315 1553 354 1616 et
373 1537 606 1619 universale.
634 1537 867 1616 Particulare
887 1538 990 1613 6111111
1016 1536 1144 1613 multi·

149 1653 278 1729 tudini
298 1655 498 1733 manifesta
517 1657 646 1732 omnia
671 1669 710 1732 et
728 1655 890 1732 clariora
909 1654 1018 1756 quasi
1038 1651 1147 1755 ponit

152 1783 241 1847 ante
264 1770 412 1859 oculos3
439 1772 655 1849 universale
674 1770 788 1861 verb,
811 1774 925 1848 ctiam
954 1773 985 1848 si
1007 1769 1146 1872 'liguris

152 1889 251 1993 saepe
274 1889 480 1969 velandum
501 1885 569 1984 sit,
595 1881 719 1967 solum
739 1903 866 1965 tamen
887 1889 946 1966 vel
967 1888 1146 1962 indoctis-

148 2008 256 2085 simis
285 2006 503 2098 hominum‚
536 2006 619 2084 111111
653 2009 820 2086 scientiae
852 2005 1145 2109 intelligentiam

152 2127 293 2228 aperit,
323 2120 421 2218 111111
436 2127 611 2204 divinum
636 2128 734 2202 'artis
758 2126 954 2202 fremitum
978 2151 1148 2201 commu·

153 2244 270 2335 nicat.
299 2235 574 2331 Quamobrem,
605 2243 644 2309 in
682 2250 762 2310 arte
788 2239 1001 2326 rhetorica,
1033 2240 1149 2316 miros

153 2353 357 2454 cardinalis
383 2353 786 2454 hujusce'partitionis
825 2354 917 2431 usris
942 2356 1022 2455 jam
1061 2355 1151 2432 licet

152 2471 413 2573 contemplari.
426 2460 540 2562 'Quod
558 2470 589 2545 si
609 2471 711 2546 enim
731 2465 869 2546 horum
889 2470 1062 2574 plerique
1077 2476 1145 2576 qui

154 2585 266 2662 antea
290 2585 480 2674 rhetorice
508 2575 662 2689 operam
686 2585 873 2660 dederant
897 2586 1150 2688 contingenti-

152 2704 227 2781 bus
258 2729 302 2779 ac
330 2703 412 2779 sine
434 2701 511 2778 ulla
543 2693 710 2778 scientiae
734 2702 882 2778 ratione
913 2702 1150 2805 depromptis

154 2819 354 2925 praeceptis
364 2811 568 2920 vagantem
579 2817 821 2894 alumnorum
837 2817 1066 2921 imperitiam
1078 2820 1152 2896 ins-

155 2931 285 3013 truere
304 2936 431 3012 conati
450 2935 622 3020 fuerant,
644 2934 725 3037 ipsc
748 2931 882 3010 contria
900 2933 1146 3024 Aristoteles,

157 3052 205 3129 ab
236 3050 318 3128 istis
341 3046 527 3153 quaejam
549 3050 788 3152 praetulimus
807 3049 1006 3154 principiis
1025 3052 1150 3154 auspi·

158 3179 285 3256 catus,
314 3163 418 3242 recta
437 3166 486 3241 ad
511 3165 551 3240 id
581 3163 706 3241 tendit
734 3163 870 3268 inquo
902 3191 964 3242 ars
984 3165 1048 3242 illa
1070 3179 1150 3242 tota

158 3285 349 3364 'versatur
368 3279 468 3357 Dirm
481 3275 650 3385 primdnl
663 3279 754 3383 ergb
767 3282 923 3385 quaerit,
940 3284 1034 3386 quid
1049 3283 1099 3361 sit
1112 3285 1150 3360 in

160 3400 349 3478 rhetorice
362 3401 631 3479 universaliter
639 3400 872 3489 faciendum,
886 3401 1152 3503 probationem

161 3517 309 3596 invenit
327 3529 366 3594 et
387 3516 575 3621 externplo
595 3513 829 3620 aggreditur.
851 3521 943 3596 Nam
964 3516 1152 3594 rhetorice

165 3662 226 3713 ars
235 3640 294 3713 est
306 3663 391 3739 quae
411 3637 450 3712 in
464 3636 599 3738 quovis
614 3636 653 3712 id
667 3645 812 3738 spectat
823 3635 926 3738 quod
946 3635 995 3710 sit
1014 3636 1062 3711 ad
1072 3661 1154 3712 sua-
