2932 4722
688 406 727 467 27

215 538 257 588 ac
279 513 355 588 fine
378 524 539 588 constat.
570 512 803 614 Principium
827 523 955 587 autem
989 511 1027 586 id
1053 505 1208 612 quidem

214 629 318 732 quod
337 627 433 705 nihil
454 654 585 731 praese
612 628 710 718 lert,
733 629 844 731 aquo
863 641 991 704 tamen
1024 626 1118 729 quid
1150 651 1212 702 ne-

215 741 380 822 cessario
407 743 580 833 oriatur3
615 744 732 822 linem
763 743 897 822 contra
930 744 969 819 id
989 741 1093 846 quod
1117 741 1213 818 nihil

216 873 303 966 post
321 889 384 953 se,
406 890 484 965 prae
504 889 543 939 se
563 860 659 965 quid
679 889 748 966 per
779 860 1045 939 necessitatem
1076 859 1207 944 habet;

217 976 388 1055 medium
410 977 578 1084 denique
601 978 642 1055 id
669 977 774 1082 quod
789 992 828 1055 et
845 1004 923 1080 prae
942 1004 982 1054 se
1008 989 1047 1051 et
1067 987 1153 1078 post
1172 999 1212 1050 se

222 1093 368 1196 aliquid
398 1095 521 1196 gerit,
555 1096 749 1198 Stagyrita
779 1106 990 1197 nuncupat.
1016 1092 1138 1168 Ullam
1167 1116 1215 1166 nc

219 1235 350 1311 parem
371 1209 505 1286 huicce
537 1210 698 1287 sormam
718 1210 863 1313 praebet
895 1223 1051 1300 natura,
1079 1209 1120 1286 in
1140 1210 1216 1310 qua

220 1349 282 1398 res
306 1321 399 1400 adei)
423 1325 612 1428 principio
635 1338 674 1401 et
696 1325 773 1400 fine
805 1337 968 1415 carent,
1005 1337 1050 1400 ut
1084 1320 1218 1400 contra

224 1464 356 1516 omncs
389 1453 536 1518 secreto
567 1442 734 1544 quodam
758 1454 1015 1518 concatenatae
1033 1438 1215 1526 vinculo,

224 1555 246 1632 ai
264 1557 385 1635 nihilo
404 1585 527 1662 usque
547 1559 595 1635 ad
614 1558 808 1636 inlinitum
823 1585 901 1634 non
915 1559 1135 1662 interrupth,
1148 1583 1218 1633 un·

226 1671 340 1774 quam
370 1674 470 1750 scala
500 1675 764 1778 provehantur
782 1673 800 1749 ‘l
817 1673 920 1751 unde
943 1687 1049 1777 patet
1068 1685 1219 1776 poetam

225 1789 334 1867 illum
356 1789 424 1893 qui
449 1792 673 1894 tragoediam
704 1791 868 1867 condere
900 1803 1036 1893 parat,
1076 1815 1153 1866 non
1174 1789 1222 1864 is·

226 1907 302 1985 tius
321 1909 477 1986 humilis
508 1937 552 1986 ac
571 1908 768 2012 objectivae
787 1919 934 1982 naturae
954 1933 1071 2008 quam
1091 1917 1222 1981 nostra

226 2023 340 2101 nimis
355 2038 445 2102 aetas
464 2023 698 2113 celebravit,
738 2034 777 2099 et
796 2049 881 2126 quae
907 2020 947 2098 in
967 2021 1082 2097 rebus
1110 2020 1223 2122 parti·

225 2140 422 2219 cularibus
455 2139 611 2218 omnini)
642 2152 844 2226 versatur,
878 2135 946 2212 sed
983 2149 1131 2213 naturae
1161 2160 1224 2210 cu-

223 2257 379 2358 jusdam
406 2256 540 2328 contra
558 2253 808 2352 exemplaris,
830 2250 999 2323 humana
1013 2251 1052 2322 in
1073 2249 1221 2337 mentc',

228 2369 249 2445 ὲ
269 2368 408 2445 divinis
441 2358 723 2444 uniuersalibus
748 2391 948 2469 expressae,
971 2365 1223 2442 imitationem

230 2485 406 2588 amplecti
432 2482 585 2561 debere.

280 2599 464 2676 Fabulam
482 2597 593 2688 vero,
624 2611 670 2674 ut
687 2597 736 2674 ad
753 2621 838 2674 eam
856 2597 1057 2674 redeamus
1075 2657 1084 2688 ,
1106 2624 1224 2676 unam

229 2743 310 2796 esse
329 2723 528 2821 oportere,
568 2715 609 2792 id
640 2702 724 2805 est,
759 2742 876 2793 unam
902 2742 979 2794 non
999 2717 1222 2824 particulari

229 2834 342 2913 modo
361 2848 406 2912 ut
424 2833 582 2938 quidam
606 2835 680 2912 rati
712 2847 803 2910 sunt
834 2834 900 2938 qui
921 2835 1036 2911 unius
1054 2834 1220 2912 hominis

231 2955 350 3032 vitam
368 2967 569 3031 narrantes
601 2951 790 3029 actionem
822 2963 952 3028 tamen
972 2951 1224 3053 incongruam

232 3082 271 3146 et
293 3067 450 3145 minime
476 3068 664 3171 poeticam
695 3090 870 3157 seruere,
902 3060 981 3143 sed'
1000 3093 1118 3143 unam
1144 3067 1226 3142 nni-

232 3184 369 3262 versali
401 3185 541 3273 modo,
567 3181 792 3260 necessariis
819 3183 963 3261 scilicet
981 3183 1155 3288 partibus
1186 3198 1227 3262 et

234 3299 447 3378 necessarii)
467 3312 534 3376 aut
551 3297 811 3379 verisimiliter
824 3298 907 3376 aliae
917 3301 964 3375 e'x
977 3297 1066 3376 'aliis
1086 3325 1226 3377 exeun-

233 3420 335 3495 tibus
362 3430 601 3508 contextam,
623 3416 792 3494 declarat
810 3414 1046 3495 hristoteles.
1073 3418 1224 3495 Confes-

233 3537 302 3613 tim
321 3549 467 3625 autem,
491 3562 568 3641 quo
587 3534 682 3638 quid
700 3531 811 3610 antea
830 3527 978 3611 ditarit
992 3530 1129 3610 melius
1143 3535 1222 3610 eni-

235 3664 336 3741 teat,
367 3652 487 3755 poetis
516 3678 601 3742 res,
624 3677 701 3728 non
730 3649 861 3755 quales
891 3643 1127 3739 evenerunt,
1159 3652 1226 3728 sed

237 3769 367 3870 quales
387 3768 599 3850 necessario
620 3782 686 3848 aut
708 3767 966 3850 verisimiliter
983 3770 1136 3851 evenire
1160 3781 1227 3847 aut
