2932 4722
669 328 711 393 3⁵

195 437 272 514 sica
288 449 403 525 sunt,
425 434 499 512 etia
517 446 653 512 nostro
666 435 876 512 abhorrent
892 437 1105 538 proposito;
1126 418 1185 512 in-

195 553 315 633 ficiari
336 567 462 631 tamen
481 552 690 644 noluerim,
707 551 795 631 cirm
814 553 863 631 ad
882 552 921 629 id
940 566 1107 660 mentem
1120 579 1187 632 sae-

196 671 282 776 pius
302 669 558 759 adverterim,
580 669 675 772 quin
689 670 813 748 omnis
832 695 877 747 ea
896 669 1056 773 quaestio
1069 670 1109 745 in
1123 667 1188 744 ille
1314 714 1317 719 ·

195 790 274 866 tim
313 786 472 867 conlusit
503 787 735 890 jampridem
767 787 909 864 tradita
936 811 1121 895 generum
1148 797 1189 862 et

195 907 409 1011 specierum
422 903 604 994 lormulel,
627 905 700 982 sita
718 906 781 983 sit.
812 908 876 982 Hae
895 901 986 983 veri)
1012 903 1103 1006 ipsae
1121 927 1187 981 vo-

198 1048 283 1112 ces,
309 1048 395 1125 quae
413 1019 549 1124 gallico
571 1020 758 1124 imprimis
776 1033 817 1098 et
833 1020 953 1097 latino
979 1019 1095 1096 ctiam
1113 1045 1189 1096 ser·

198 1167 311 1218 mone
324 1139 600 1228 obscurantur,
615 1164 738 1240 graeco
751 1135 885 1215 contri
898 1136 947 1213 ad
959 1134 1084 1214 lucem
1097 1135 1191 1212 ferri

198 1259 380 1336 videntur
414 1269 453 1334 et
483 1255 655 1360 provehi.
699 1257 870 1349 Quarum
906 1252 1043 1357 nempe
1084 1263 1191 1356 patet

198 1373 358 1450 alteram
378 1371 497 1476 (γὲνος)
515 1371 690 1450 divinum
708 1370 897 1474 gremium
923 1367 945 1445 t
964 1395 1042 1473 quo
1059 1368 1189 1446 omnia

198 1490 403 1577 oriuntur,
430 1487 590 1565 alteram
618 1482 742 1591 (εἶδος)
764 1488 926 1564 lormam
946 1485 1088 1588 quibus
1114 1511 1191 1562 om·
1271 1559 1274 1564 .

198 1603 264 1678 nia
294 1601 374 1678 haec
399 1602 481 1704 ipso
512 1602 552 1679 in
583 1603 806 1680 aeternitatis
838 1603 926 1678 sinu
953 1600 1194 1702 distinguun.

200 1732 286 1807 tur,
308 1715 536 1819 significare.
557 1717 626 1794 llla
643 1717 735 1796 vero
753 1730 812 1796 est
829 1730 869 1794 et
880 1718 1057 1793 ldearum
1075 1716 1195 1819 plato-

201 1835 389 1923 nicarum',
405 1845 445 1910 et
456 1832 571 1912 Verbi
586 1832 688 1910 illius
707 1833 812 1938 quod
829 1831 934 1910 Plato
957 1831 1192 1910 Christianae-

203 1975 276 2052 que
305 1949 445 2026 deliine
475 1960 608 2052 gentes
651 1949 931 2038 adoraverunt,
963 1947 1139 2051 quaedam
1170 1945 1192 2021 i

200 2064 391 2168 Stagyrita
417 2063 563 2141 sancita
582 2065 881 2144 transformatio.
906 2061 1001 2142 Cium
1029 2062 1120 2143 veri)
1152 2064 1197 2138 in
1306 2088 1310 2095 ·

201 2179 427 2284 syllogismis
441 2205 561 2281 genus
581 2179 703 2284 (ytres)
721 2193 762 2256 et
773 2181 919 2282 species
937 2176 1072 2282 (εἶδος),
1090 2178 1189 2280 prio-
1304 2207 1308 2216 ’

200 2323 245 2372 ra
275 2297 352 2378 duo
379 2321 568 2400 usurpare
602 2294 685 2372 loca
716 2295 896 2386 soleant,
942 2294 1119 2400 sequitur
1149 2306 1190 2373 et

202 2413 299 2492 alius
316 2412 529 2493 necessarii)
559 2413 697 2492 tertius
715 2415 923 2504 terminum
940 2414 993 2492 ita
1012 2426 1058 2491 ut
1079 2439 1194 2492 omne

193 2529 389 2634 postremo
421 2527 670 2624 Aristotelicas
695 2530 906 2632 disciplinae
937 2553 1120 2626 arcanum
1152 2531 1195 2606 in

199 2645 280 2720 hoc'
298 2642 484 2724 vocabulo
501 2646 611 2720 inesse
637 2644 893 2744 contineatur.
912 2643 1042 2746 Unde,
1064 2658 1104 2723 et
1128 2647 1205 2740 tri,

201 2761 381 2865 partitam
407 2759 655 2850 divisionem,
688 2771 732 2836 ut
762 2761 843 2864 ipse
869 2761 1020 2838 Marcus
1045 2760 1196 2839 Tullius

200 2879 397 2957 confessus
420 2888 497 2976 est,
523 2876 627 2981 apud
643 2876 912 2980 Peripateticos
939 2879 1195 2972 necessariam

202 3022 303 3086 esse,
337 3008 376 3073 et
407 2995 526 3100 ipsius
558 2991 772 3074 Aristotelis
801 2997 1029 3086 acroaticum
1059 2997 1199 3074 doctri-

203 3139 291 3190 nam
310 3113 350 3190 in
378 3113 545 3215 quadam
562 3111 759 3189 Trinitatis
778 3113 1098 3215 presumptione,
1121 3099 1203 3214 sylss

203 3229 361 3332 logismo
380 3228 535 3333 quidem
555 3226 739 3316 revelate,
754 3225 913 3330 penitus.
931 3227 1047 3305 luisse
1065 3227 1198 3304 lunda·

203 3358 301 3432 tam,
328 3344 455 3422 dicere
469 3331 673 3432 auderem.
695 3343 766 3420 Sed
786 3355 826 3420 et
849 3343 930 3420 llaec
946 3335 1112 3446 denique
1127 3401 1135 3429 ,
1153 3335 1197 3418 ut

153 3488 158 3496 ·
205 3458 253 3536 ad
272 3459 570 3562 metaphysicam
589 3484 666 3535 non
685 3455 861 3546 tentum,
883 3458 950 3552 sed
967 3471 1007 3535 et
1024 3456 1072 3534 ad
1093 3457 1200 3534 theo«

205 3570 343 3676 logiam
363 3574 597 3678 spectantia,
623 3561 856 3652 omittamus.
