2932 4722
769 297 808 360 10
1302 359 1308 368 .

272 405 572 511 particularibus
595 403 644 480 ad
662 405 884 507 generalia,
921 405 1000 482 etri
1026 408 1267 508 generalibus

270 523 426 602 rursum
458 522 506 599 ad
543 522 790 625 particularia
826 522 1124 601 descendentem
1133 584 1151 612 „
1162 547 1171 588 ·.
1185 527 1267 602 siue

271 627 350 718 ulla
377 667 448 719 nec
473 639 756 738 Platonica'rum
786 639 1000 730 ldaearum,
1032 666 1103 718 nec
1125 627 1267 720 Aristo-

195 782 200 792 ·
273 757 473 834 telicorum
487 755 861 859 Principicrumcpe.
877 755 1270 848 ludeistaesataesunt

153 873 157 882 '
270 870 479 975 disciplinae
502 871 643 974 quibus
666 873 834 974 majores
856 872 978 948 nostri
1000 884 1040 948 et
1058 871 1204 948 animos
1228 880 1270 947 'et

270 988 366 1066 eolla
384 988 598 1079 dederunt,
628 991 668 1065 et
695 1015 780 1090 quae
807 987 995 1066 axiomata
1026 986 1099 1063 hcc
1127 999 1267 1064 notatae

274 1117 365 1182 sunt
379 1133 387 1179 :
402 1102 568 1216 uilrilxest
578 1103 618 1178 in
626 1103 826 1181 intellectu
832 1103 936 1206 quad
948 1128 1025 1181 ιιοιι
1035 1099 1268 1205 lueritpriirs

274 1222 314 1296 iu
342 1245 473 1298 sensu.
506 1218 666 1298 Humilis
707 1218 802 1297 adeo
827 1219 1011 1297 doctrinae
1036 1219 1199 1320 vestigia
1228 1219 1270 1294 iu

274 1335 448 1438 magistri
489 1335 641 1439 scriptis
689 1333 833 1412 frustra
865 1334 1058 1436 indagavi.
1100 1335 1271 1427 Quorum

274 1453 306 1528 si
337 1451 525 1528 librorum
548 1452 770 1553 inexpressa
795 1477 936 1528 arcana
968 1450 1138 1553 pandere
1158 1450 1271 1531 mihi

274 1564 331 1641 ias
350 1576 476 1652 esset,
498 1563 666 1641 dicerem
680 1575 848 1642 mentem
869 1564 966 1642 nihil
985 1576 1125 1669 praeter
1139 1577 1274 1642 semet·

275 1681 397 1784 ipsam
410 1681 631 1772 continere,
658 1681 727 1759 sed
740 1681 885 1785 duplici
900 1682 953 1758 ita
973 1679 1173 1786 praeditam
1191 1707 1273 1758 esse

277 1798 392 1887 visu,
420 1811 465 1874 ut
477 1798 592 1876 simul
606 1811 646 1876 et
664 1810 781 1876 sen'su
800 1797 968 1901 (etormet)
983 1793 1214 1902 particulare
1233 1799 1273 1874 in

277 1915 370 1990 orbe
395 1929 548 2000 creata,
588 1925 629 1987 et
653 1913 906 2014 intelligentia
937 1913 1019 2016 (vop'
1032 1913 1048 2018 )
1081 1913 1274 1991 correlati-

277 2053 372 2107 vum
390 2025 611 2106 universale
628 2027 668 2102 iu
701 2026 833 2105 divino
858 2027 1099 2108 infinitorum
1129 2033 1275 2131 gremio

277 2143 500 2249 conspiciat.
528 2145 605 2220 Hac
630 2156 760 2222 tamen
786 2143 1006 2224 universale
1033 2145 1226 2249 quomadd
1252 2145 1273 2222 a

278 2260 502 2365 particulari
521 2285 599 2336 nan
618 2259 775 2336 cmuiud
793 2261 1007 2364 discrepet,
1023 2287 1101 2340 ιιοιι
1116 2264 1273 2342 minima

277 2374 494 2453 Aristotelis
526 2373 610 2448 laus
646 2373 852 2452 invenisse.
886 2379 981 2450 Nam
1014 2378 1271 2474 particulare,

279 2489 430 2596 quoties
449 2487 629 2578 libuerit,
647 2487 823 2588 junxeris
836 2477 1080 2592 particulari,
1102 2516 1172 2566 nec
1188 2493 1274 2569 ided

279 2637 349 2715 per
366 2610 465 2686 hauc
484 2619 542 2684 tot
572 2631 822 2684 numerorum
858 2606 1083 2684 methodum
1119 2607 1168 2684 ad
1190 2609 1281 2686 uui·¹

278 2727 425 2809 versale
432 2749 667 2830 perveneras
681 2722 897 2802 universale
907 2723 1269 2815 emmetmfimtum

280 2844 384 2949 quod
397 2868 519 2920 unum
532 2854 572 2916 et
590 2843 691 2930 idem
712 2855 789 2927 est,
810 2840 831 2916 ὲ
857 2819 963 2917 nullo
987 2841 1121 2920 alio
1083 2842 1157 2920 mai
1183 2841 1216 2919 ὲ
1232 2840 1284 2920 se'

158 3034 162 3042 .
280 2961 418 3038 oritur
434 2961 545 3034 Exeo
558 2966 686 3031 tamen
693 2952 802 3055 quod
812 2953 1028 3030 mfimtum
1017 2983 1057 3031 m
1067 2958 1176 3034 fimto
1186 2985 1274 3036 con

280 3078 395 3158 tincri
415 3102 493 3154 ιιοιι
519 3082 666 3177 potest,
693 3067 851 3146 minime
870 3070 1046 3173 sequitur
1065 3070 1104 3147 in
1123 3071 1273 3153 infinito
1363 3153 1369 3162 ,

155 3295 158 3302 Δ
275 3199 434 3276 linitum
453 3217 531 3267 non
544 3214 654 3291 posse
672 3187 884 3277 contineri;
906 3187 937 3266 si
958 3199 1087 3265 autem
1105 3191 1274 3304 reperias

283 3309 476 3418 quamodd
493 3303 811 3395 finitiacinfiniti‚
834 3304 874 3382 id
897 3316 956 3384 est
974 3305 1217 3422 particularis
1232 3333 1276 3430 ac
1323 3303 1327 3312 ’

283 3425 512 3510 universalis
538 3424 621 3501 fieri
640 3425 761 3530 possit
778 3423 943 3514 collatio,
965 3415 1052 3503 finit
1036 3438 1117 3503 tum
1137 3438 1176 3502 et
1193 3413 1276 3527 pa'r-

285 3546 446 3624 ticulare
475 3541 615 3620 infiniti
644 3555 685 3619 et
709 3541 938 3622 universalis
967 3552 1115 3618 naturae
1149 3566 1277 3619 consa

285 3663 385 3740 ciare
396 3659 561 3764 quadam
574 3684 620 3735 ex
630 3669 738 3763 parte
747 3657 968 3763 poterrsdta
979 3668 1019 3737 et
1029 3655 1250 3736 Aristoteles
1266 3686 1274 3730 :
