2938 4724
745 323 787 386 30

272 446 379 536 parte
399 457 491 520 nos,
514 444 557 508 ut
576 431 840 535 praediximus,
863 423 948 533 quae
975 431 1023 507 ad
1046 433 1260 516 rhetoricen
1313 425 1317 432 ’

269 548 382 625 simul
413 555 464 626 et'
482 575 568 652 quar
599 548 648 624 ad
670 548 845 651 poeticen
874 561 1072 651 spectant,
1099 547 1262 652 aequabi-

271 692 370 744 mus.
392 669 435 742 ln
454 666 525 742 hac
544 659 676 742 autem
696 665 841 770 poesim
856 659 1026 770 ¹propitia
1045 665 1161 772 quam
1191 665 1264 740 clo

270 782 469 884 quantiam
487 781 536 856 ad
556 782 772 862 universale
786 779 992 872 accedere,
1006 779 1159 884 longids
1171 777 1267 860 veri)¹

272 895 293 972 ai
322 891 546 1001 particulari
569 899 712 976 distare
729 899 1068 1002 Peripateticorum
1082 899 1260 1002 princeps

268 1013 422 1091 videtur
438 1015 721 1116 comprobasse.
747 1021 842 1102 Nam
860 1016 1069 1095 'ambarum
1091 1015 1263 1118 partium

269 1129 409 1230 quibus
436 1130 555 1208 verba
583 1133 959 1234 omuia'ass'ignavit,
982 1133 1145 1236 primam
1164 1129 1263 1206 scili-

272 1259 333 1324 cet
352 1247 597 1350 propriorum
610 1247 812 1351 adscripsit
831 1248 1036 1336 rhetorice,
1058 1246 1267 1324 secundam

271 1360 461 1440 lictorum?
476 1361 623 1467 poetice
638 1362 805 1466 legavit.
832 1364 990 1468 Propria
1007 1361 1119 1452 veri),
1140 1362 1266 1439 humi·

269 1477 343 1565 lia,
365 1505 439 1556 usu
459 1481 627 1570 tritiora,
651 1481 927 1580 claritudinem
939 1493 1067 1558 tamen
1080 1481 1262 1582 pariunt,

269 1608 308 1670 et
329 1592 406 1697 qud
425 1593 632 1674 veritatem
647 1595 784 1674 melitis
804 1598 1024 1686 imitantur,
1047 1594 1092 1671 ed
1112 1596 1161 1671 ad
1179 1620 1264 1672 sua·

262 1711 415 1788 dendas
438 1712 704 1791 multitudines
724 1713 844 1816 ma'gis
873 1724 965 1790 sunt
991 1712 1142 1790 idonea.
1156 1711 1267 1788 Ficta

271 1831 424 1918 autem,
447 1831 635 1912 nobiliora
658 1831 817 1934 propter
841 1831 1071 1918 novitatem,
1092 1828 1262 1922 animum

270 1942 385 2044 supra
412 1944 542 2020 solitas
560 1945 1003 2026 rerumform'astollunt.
1017 1950 1108 2040 Quae
1127 1945 1261 2048 igitur,

270 2085 336 2135 seu
365 2058 386 2134 ὸ
412 2057 554 2162 linguis
573 2062 713 2138 exteris
732 2063 866 2151 ducta,
889 2089 958 2146 seu
977 2064 1142 2163 quadam
1158 2087 1265 2137 ,com-

270 2175 458 2278 positione
488 2174 580 2253 tiam'
604 2177 798 2279 elongata,
828 2175 912 2254 tiam
937 2183 1163 2277 'constructa
1189 2203 1267 2254 om·

270 2291 387 2382 ninia,
410 2293 742 2397 seu'metaphoris
768 2291 935 2396 denique
955 2305 1190 2396 permutata,
1208 2317 1267 2369 su-

272 2407 509 2508 pernaturali
532 2409 699 2508 quodam
718 2410 861 2484 vestitu
883 2410 1028 2506 ‘poesim
1055 2409 1263 2497 adornant,

271 2534 311 2598 et
339 2533 573 2626 spectatores
593 2520 956 2624 divinis‘tragoediae
981 2523 1177 2606 miraculis
1203 2553 1268 2627 op-

272 2639 363 2718 timd
392 2653 557 2743 parant:
580 2639 633 2715 ita
656 2652 701 2716 ut
722 2639 824 2715 iuter
850 2665 890 2715 se
909 2639 1123 2718 rhetoricus
1143 2664 1267 2719 sermo

271 2769 311 2832 et
328 2755 444 2833 dictio
464 2757 612 2856 poetica
630 2756 764 2833 eodem
787 2754 906 2832 larmir
929 2757 1042 2835 modo
1063 2757 1263 2842 differant,

272 2895 349 2972 quo
375 2869 547 2944 inductio
579 2883 618 2942 et
643 2869 909 2970 syllogismus,
933 2873 997 2947 illa
1029 2869 1265 2975 particulari-

270 2986 343 3061 bus
362 2986 482 3075 lreta,
503 2984 567 3062 hic
585 2982 817 3080 universalia
837 2983 1079 3059 familiariter
1098 3001 1265 3089 pertrac-

271 3115 371 3180 tans.
393 3104 613 3207 Metaphora
632 3097 724 3180 vero
744 3125 830 3214 quae
845 3098 1147 3205 uniuscujusque
1161 3101 1265 3202 inge-

273 3218 326 3294 nii
346 3220 544 3320 proprium
573 3231 632 3324 cst
658 3219 981 3322 instrumentum,
1002 3244 1074 3296 nec
1105 3217 1183 3316 tim
1215 3220 1263 3295 ad

273 3359 451 3437 pompam
465 3323 580 3436 quiam
594 3332 643 3409 ad
660 3334 738 3412 vim
758 3334 942 3414 orationis
957 3336 1141 3439 pertinet,
1157 3337 1264 3438 poesi

273 3448 386 3527 simul
418 3462 457 3526 et
486 3449 713 3554 eloquentiae
735 3451 942 3538 consentit;
975 3452 1040 3528 sed
1074 3453 1153 3552 ipsa
1184 3449 1264 3524 h'aec

274 3565 460 3644 sermonis
473 3563 701 3669 plerirmque
714 3565 855 3642 usitata
869 3565 1010 3666 figura,
1032 3565 1071 3641 in
1087 3563 1264 3651 omnibus

274 3682 353 3759 lere
372 3683 589 3786 syllogismo
608 3712 696 3787 par,
718 3694 887 3760 extrema
907 3675 1001 3772 duo,
1024 3681 1159 3762 mediis
1178 3682 1262 3784 qui-
