2932 4722
807 254 845 316 16

323 364 492 440 dendum
522 361 722 448 idoneum;
749 361 877 438 suasio
909 371 1038 440 autem
1061 361 1107 440 tit
1134 361 1325 466 probatio-

326 510 418 559 num
434 480 577 584 duplici
589 505 747 584 genere,
765 478 885 558 altero
899 505 1032 560 earum
1043 509 1129 584 quae
1142 483 1224 559 sinc
1238 486 1325 562 arti-

323 598 429 687 ficio,
453 597 572 674 altero
602 623 735 674 earum
760 624 845 700 qnae
866 596 1028 675 artificio
1050 598 1315 701 perficiuntur.

317 718 467 794 Priores
486 713 579 795 vero
602 715 624 792 ie
648 741 690 792 rc
713 715 893 794 oriuntur
912 715 1012 824 ipsa,
1035 730 1074 794 ct
1096 731 1188 795 sunt
1207 722 1316 823 quasi

319 847 354 930 τῇ
369 847 450 934 φύσει
466 865 474 924 ;
492 835 721 938 posteriores
740 833 916 912 contrite
930 833 1214 939 nobismetipsis
1233 862 1323 939 pen-

318 954 425 1044 dent,
443 967 482 1029 et
496 966 601 1043 sunt,
621 965 666 1031 ut
685 952 737 1030 ita
748 953 893 1043 dicam,
908 961 981 1052 apic
990 967 1082 1048 ἡμᾶς.
1100 955 1204 1032 Inter
1217 951 1316 1042 illas,

317 1085 445 1162 testes,
461 1096 646 1174 responsa
667 1084 949 1152 tormentorum
962 1071 1001 1151 vi
1015 1084 1178 1161 extorta,
1192 1086 1317 1177 pacta,

317 1203 357 1266 et
369 1188 508 1266 similia
522 1188 751 1265 adnumerat
762 1185 1005 1277 Aristotelea
1019 1189 1121 1268 inter
1130 1189 1200 1268 has
1210 1189 1317 1280 vero,

316 1331 447 1409 parem
462 1302 598 1384 rursus
609 1305 686 1394 isti,
708 1331 824 1407 quam
841 1329 958 1407 supra
976 1304 1151 1394 fecimus,
1169 1305 1320 1385 divisio.

316 1450 405 1499 nem
428 1418 697 1500 delineandam
711 1422 874 1500 indicat:
902 1448 1035 1500 earum
1062 1423 1164 1500 enim
1183 1423 1319 1529 proba-

316 1539 464 1614 tionum
480 1566 565 1641 quac
585 1550 716 1616 nostro
735 1538 835 1616 fiunt
854 1536 1224 1626 artifieio,aliaeci1'm
1238 1552 1317 1618 tam

317 1655 488 1733 moribus
515 1668 553 1733 ct
578 1655 859 1734 existimatione
884 1655 1094 1758 loquentis,
1110 1656 1227 1760 quam
1250 1685 1312 1736 au·

317 1773 456 1852 clientis
471 1771 598 1850 indole
617 1785 656 1848 et
670 1773 798 1850 animo
817 1772 1008 1858 nitantur,
1025 1771 1135 1874 quasi
1150 1780 1222 1868 πρὸς
1239 1785 1318 1866 ἡμᾶς

314 1889 455 1966 iterirm
482 1905 590 1978 sunt,
613 1889 695 1964 aliae
714 1887 805 1966 cum
827 1915 874 1966 ex
903 1887 985 1991 ipsa
1003 1891 1311 1966 nascantur-'ora-

316 2008 434 2096 tione,
456 2020 556 2084 etex
579 2007 698 2111 ipsius
722 2007 778 2083 rei
809 2006 901 2086 verit
923 2003 1059 2086 fictirve
1081 2006 1316 2084 demonstra-

318 2124 421 2214 tione
440 2135 636 2220 oonstent,
659 2123 775 2202 etiam
799 2132 834 2216 τῇ
853 2129 935 2220 φύσει
973 2120 1047 2198 dici
1074 2129 1248 2223 possunt.
1272 2118 1316 2194 In

316 2240 490 2342 utrisque
504 2238 597 2319 veri>
615 2239 761 2316 ultimis
780 2239 862 2316 istis
873 2236 1063 2340 partibus,
1077 2233 1205 2312 omnia
1230 2229 1312 2310 rhe-

315 2360 657 2461 toricespraecepta
677 2354 978 2432 distribuuntur.
1131 2362 1133 2366 ’

369 2475 442 2570 Qui
462 2470 721 2560 autemdicit,
748 2467 862 2569 (nam
882 2466 931 2540 ab
959 2490 1005 2542 eo
1029 2466 1240 2570 incipiam)
1262 2467 1317 2544 ita

316 2592 436 2680 dicat,
453 2589 536 2668 ute
560 2585 731 2665 moribus
751 2583 830 2662 suis
854 2581 1020 2659 maxima
1041 2580 1205 2684 prodeat
1231 2607 1315 2660 sua·

316 2708 414 2785 dela.
446 2704 541 2782 Ciam
565 2703 668 2781 cnim
693 2698 918 2806 particulari
938 2697 1152 2803 pracsertim
1177 2697 1316 2800 vulgus

316 2826 431 2906 fidem
445 2823 640 2910 adhibeat,
651 2817 817 2903 multum
825 2817 1030 2923 profecerit
1040 2829 1184 2905 orator,
1196 2816 1229 2894 si
1233 2817 1316 2917 jam

315 2967 355 3020 se
375 2939 485 3044 quasi
505 2935 721 3040 exemplum
740 2935 947 3038 vivamque
973 2935 1029 3014 rei
1049 2931 1315 3037 probationem

315 3060 479 3138 dederit.
502 3060 585 3152 Quo
603 3052 741 3134 veram
755 3053 868 3132 modo
882 3079 1007 3134 mores
1027 3051 1090 3130 illc
1103 3071 1314 3126 commons-

313 3175 458 3258 arabit?
471 3175 540 3252 hos
554 3171 699 3254 scilicet
712 3169 869 3251 affectus
888 3161 1117 3251 revelando,
1134 3188 1205 3265 per
1217 3181 1315 3266 quos

312 3290 466 3368 auditor
486 3316 611 3368 mores
631 3289 882 3394 introspiciat.
911 3283 949 3358 Si
965 3279 1153 3360 auditoris
1172 3279 1314 3359 contria

312 3409 468 3488 affectus
500 3436 654 3490 movere
685 3408 779 3488 velit
802 3413 953 3492 orator,
975 3425 1102 3480 mores
1129 3401 1213 3502 ejus
1245 3413 1312 3478 aut

311 3553 540 3630 agnoscere,
563 3540 629 3606 aut
648 3520 817 3625 opinari,
834 3531 932 3598 etex
950 3519 1010 3598 his
1024 3517 1211 3598 sermonis
1231 3544 1309 3596 ma-

309 3647 444 3726 teriam
458 3668 608 3723 sumcre
622 3639 748 3720 debet.
765 3641 814 3721 Ut
824 3650 954 3724 autern
964 3638 1005 3721 in
1014 3635 1146 3743 togice
1157 3636 1305 3746 sophis·
