2932 4722
772 351 813 414 2⁴

298 452 409 528 modo
429 466 474 530 ιιι
511 454 591 558 ipse
617 456 817 536 festinaret
830 455 1035 560 adjicere
1021 482 1043 531 a
1066 456 1186 558 poetis
1205 470 1243 564 ιι
1263 455 1286 532 ai

297 567 508 670 pictoribus
523 583 590 648 ant
604 559 805 665 meliores,
822 586 889 651 aut
906 569 1074 662 similes,
1097 584 1165 648 aut
1186 565 1286 676 pejo

295 709 357 762 res
389 691 528 776 natura
564 689 738 770 homines
773 689 1066 796 representari?
1097 689 1287 792 numquid

295 809 473 878 naturam
495 802 596 882 bono
611 807 815 886 malove
778 833 947 897 vincere,
963 807 1036 884 hoc
1055 805 1211 884 deinum
1230 818 1289 884 cst

293 916 469 993 imitari?
492 921 595 1032 qnid
617 922 708 1027 ergo
746 951 827 1038 per
839 923 1091 1003 imitationem
1109 923 1287 1060 designa-

294 1034 400 1112 verit·
396 1036 602 1141 Stagyrita
621 1039 776 1144 penitus
789 1056 884 1121 tunc
903 1040 1109 1146 percipies,
1131 1037 1220 1117 cirm
1239 1038 1290 1115 ad

290 1178 443 1255 eaquae
474 1157 590 1259 supra
608 1158 776 1237 diximus
794 1161 970 1238 redieris
992 1164 1085 1239 Nam
1117 1185 1148 1236 ιι
1139 1149 1288 1234 rebus

294 1269 334 1345 in
363 1271 542 1352 omnibus
580 1275 811 1409 particulare
850 1275 965 1355 simul
999 1288 1039 1352 ιι
1070 1263 1288 1352 universale

293 1409 465 1464 connexa
489 1414 573 1468 esse
611 1390 857 1482 memineris,
897 1390 919 1468 ι
946 1383 1190 1494 particulari
1197 1385 1289 1469 vero

291 1527 354 1579 res
387 1501 488 1604 ipsas
526 1491 767 1586 multitudini
795 1507 1035 1584 manifestari
1063 1506 1080 1608 (
1093 1512 1164 1601 apis
1179 1498 1287 1605 ἡμᾶς)

294 1617 342 1694 ab
362 1617 570 1698 universali
599 1621 733 1700 contra
760 1647 892 1700 rerum
915 1622 1086 1724 ipsarum
1105 1631 1286 1696 naturam

294 1738 476 1815 constitui
496 1798 505 1829 ,
527 1729 760 1846 causamque
789 1739 930 1846 aperiri
954 1731 1172 1843 (apptati),
1195 1750 1288 1814 tunc

294 1854 644 1961 sandintelliges,in
657 1872 755 1950 arte,
767 1859 889 1939 oculrs
899 1860 1109 1963 praesertim
1120 1857 1285 1944 addicta

195 1967 198 1974 ’
293 1969 518 2072 particulari
532 1971 1287 2107 locumquemdamconspieuumdoberi,

289 2087 361 2165 sed
379 2088 547 2192 aliquam
566 2103 695 2202 tamen
710 2085 947 2208 unirersali,
978 2093 1061 2166 sine
1080 2087 1158 2192 quo
1191 2090 1288 2164 nihil

294 2217 354 2282 est
377 2205 522 2310 perfect
522 2233 609 2294 um,
630 2199 733 2282 viam
752 2199 835 2282 esse
854 2204 1121 2334 praestandam.
1156 2203 1287 2280 Vicem

287 2321 413 2424 ‘igitur
432 2319 676 2436 particularis
695 2319 813 2397 hahet
841 2317 1030 2408 imitatio,
1065 2344 1136 2396 neo
1166 2317 1289 2422 pluris

295 2433 550 2509 existimanda
569 2447 629 2510 est
642 2459 759 2535 quam
774 2435 899 2536 ipsum
913 2431 1161 2536 particulare,
1184 2435 1289 2538 quod

296 2548 517 2630 universale
527 2575 677 2654 semper
696 2549 862 2628 invocat.
874 2553 958 2654 lpse
970 2549 1173 2628 hoc'nobis
1192 2550 1292 2630 Aris·

296 2669 432 2748 toteles
460 2666 604 2746 ¹clarius
634 2665 1008 2773 suppeditat,·ci1m
1040 2668 1293 2748 imitationem

301 2783 386 2862 ideo
405 2784 628 2862 hominihus
653 2791 803 2886 gratam
820 2809 903 2863 esse
933 2783 1163 2874 arbitratur,
1186 2784 1292 2888 (pac-

300 2905 360 2976 tc'c.
387 2925 467 3002 cap.
485 2900 524 2974 4.
542 2899 558 3006 )
577 2900 683 3001 quod
697 2923 743 2975 ex
757 2905 819 2986 eei,
842 2915 886 2978 ut
899 2900 921 2977 ὁ
936 2899 939 2904 ’
952 2893 1040 2979 viva
1054 2902 1221 3005 quadam
1247 2929 1292 2979 ac

299 3017 403 3122 picta
429 3015 663 3094 inductionis
681 3014 817 3104 torma,
834 3040 911 3092 non
925 3017 1121 3093 variarum
1140 3016 1293 3095 tantdm

300 3161 431 3212 rerum
457 3134 661 3222 notitiam,
701 3133 769 3210 sed
796 3131 1033 3210 summarum
1057 3160 1212 3239 quoque
1231 3162 1291 3211 co·

300 3253 530 3355 gitationum
554 3243 661 3328 mens
688 3253 925 3330 occasionem
954 3251 1131 3358 accipiat
1253 3255 1257 3266 '

286 3405 290 3412 ·
356 3370 443 3447 Tria
463 3383 591 3446 autem
606 3365 947 3450 animadvertenda
966 3385 1059 3449 suut
1077 3371 1116 3450 in
1136 3375 1183 3448 ci
1209 3372 1292 3448 imi·

304 3487 473 3576 tatione,
514 3484 667 3564 scilicet
688 3515 774 3591 qno,
804 3488 909 3593 qaid,
941 3485 1135 3592 'quomoda
1167 3488 1291 3588 poesis

303 3607 488 3684 imitatur.
512 3605 621 3700 Quoi
639 3603 822 3695 numero,
844 3604 1043 3692 sermone,
1066 3601 1287 3693 harmonia,

305 3725 344 3800 id
363 3739 421 3802 est
439 3724 691 3830 musice,quae
707 3724 782 3804 tria
800 3719 881 3804 haec'
897 3722 1081 3802 continet.
1099 3721 1217 3817 Quid?
1235 3721 1293 3798 ac·
