2932 4722
781 269 820 328 ll

298 381 454 458 tandem
473 380 521 456 de
544 381 756 483 augustiori
781 378 845 456 illo
860 377 1101 480 syllogismo,
1130 379 1196 483 qui
1223 380 1287 455 de-

290 496 515 574 monstratio
559 494 796 600 (άπόδειξις)
835 507 1114 598 nuncupatur,
1162 507 1199 572 ει
1239 494 1287 570 ad

291 639 405 716 quem
434 613 482 688 ab
506 612 691 716 incoepto,
726 624 770 689 ιιι
798 610 930 688 docuit
957 611 1057 715 ipse,
1078 611 1284 699 tendebat,

289 729 455 807 disserit.
481 731 575 807 Nam
605 726 718 806 antea
741 730 836 832 quid
859 726 880 804 ὲ
900 727 1035 832 positis
1055 727 1286 832 quibusdam

291 847 383 926 oriri
402 858 548 951 posset,
570 845 763 950 quidquid
781 847 820 922 id
839 847 961 936 loret,
983 872 1146 949 quaeque
1167 872 1211 922 ea
1236 871 1290 921 es·

291 977 377 1042 sent
404 966 546 1067 posita,
574 965 758 1042 indicavit
767 994 776 1055 ;
805 964 975 1042 nuncid
1003 961 1155 1040 tantam
1184 964 1291 1067 quod

292 1084 490 1160 scientiam
510 1081 717 1186 (ἑπιςιμὴν)
742 1082 884 1184 gignit,
919 1081 1151 1161 considerat.
1185 1081 1290 1157 Scire

291 1198 307 1303 (
322 1198 523 1302 έπίςασθαι)
554 1209 683 1273 autem
716 1209 775 1274 est
808 1222 967 1275 noscere
998 1224 1105 1287 rem,
1133 1223 1210 1274 non
1244 1223 1292 1273 ex

290 1316 493 1408 accidenti,
517 1315 731 1419 sophistico¹
746 1316 874 1405 modo,
896 1317 963 1394 sed
986 1315 1211 1421 simpliciter
1224 1343 1293 1420 per

291 1459 460 1510 causam.
482 1434 784 1522 Demonstratio,
816 1459 884 1510 seu
906 1431 1172 1536 syllogismus,
1205 1432 1290 1510 fons

287 1551 403 1652 hujus
432 1550 600 1626 scientiae
632 1550 880 1683 purissimus,
915 1560 1087 1637 constat,
1115 1561 1161 1626 ut
1192 1549 1287 1626 dixi·

288 1694 397 1758 mus,
431 1665 605 1756 everis,
641 1666 802 1770 primis,
848 1665 1279 1757 indemonstrabilibus,

290 1785 547 1875 immediatis,
582 1783 776 1904 prioribus
818 1811 862 1862 ac
897 1783 1112 1862 notioribus
1162 1795 1197 1878 τῇ
1230 1795 1285 1882 φὺ-

289 1934 332 1972 ae
363 1904 580 2005 principiis,
615 1929 701 2002 quae
737 1929 813 1976 una
841 1903 1076 1979 dicuntur'
1056 1915 1168 1994 αμέσος
1207 1903 1288 1995 ἀρχὴ

250 2011 253 2016 ’
289 2045 323 2087 συ
325 2018 488 2110 λὶογίστικη
524 2013 709 2117 (analyt.
744 2017 974 2116 proeteriit.
1027 2011 1283 2111 l.cop.2),

291 2157 376 2234 quae
413 2142 542 2208 autem
573 2131 604 2207 si
642 2129 756 2207 alicui
793 2130 961 2209 scientiae
998 2126 1154 2234 propria
1185 2125 1285 2214 sint,

293 2257 389 2338 θέσις,
430 2247 461 2325 si
493 2246 585 2328 verb
621 2249 800 2323 omnibus
831 2249 1002 2323 scientiis
1039 2242 1284 2330 communia,

290 2375 330 2450 ει
356 2362 503 2437 homini
530 2361 684 2460 quidvis
710 2361 858 2436 discere
878 2361 1022 2438 volenti
1049 2356 1287 2444 necessaria,

290 2479 414 2568 ἀξίωμα
432 2487 633 2554 vocantur.
659 2474 747 2550 Tria
765 2486 896 2550 autem
923 2489 1015 2552 sunt
1042 2476 1083 2552 in
1109 2476 1285 2552 demons-

291 2592 458 2670 tratione
477 2603 484 2668 ὲ
508 2591 698 2669 axiomata
717 2589 738 2667 ὁ
758 2591 899 2694 quibus
922 2593 967 2670 fit
984 2592 1286 2680 demonstratio,

293 2736 414 2813 genus
450 2711 645 2814 quoddam
676 2735 745 2814 per
790 2735 830 2788 se
873 2709 992 2814 (γειὸς
1024 2721 1053 2784 τι·
1077 2717 1143 2783 καθ’
1167 2708 1287 2812 αὐτὸς),

291 2827 508 2904 affectiones
528 2829 703 2930 quaedam
730 2839 798 2904 aut
821 2825 997 2930 quaedam
1029 2853 1098 2930 per
1125 2849 1165 2900 se
1194 2823 1289 2898 acci-

291 2946 422 3022 dentia
441 2945 456 3047 (
475 2952 512 3016 τὰ
531 2951 610 3029 πάθη
629 2953 680 3016 καί
702 2952 740 3017 τὰ
754 2951 822 3017 καθ’
837 2933 913 3018 adr&
928 2940 1167 3072 συριὸεὲηκὸτα)
1198 2968 1284 3042 quae

289 3064 413 3142 inesse
438 3061 587 3167 generi,
623 3087 692 3167 per
723 3061 930 3147 axiomata,
968 3055 1009 3132 in
1040 3053 1285 3134 conclusione

292 3183 578 3259 demonstratur
606 3179 722 3284 (uool
718 3188 776 3277 yt.
802 3185 936 3275 poster.
886 3169 1031 3247 erulib
1065 3168 1103 3245 l.
1130 3197 1210 3274 cap.
1247 3173 1285 3249 7.

288 3328 375 3436 pqq.
405 3299 517 3406 395).
548 3301 704 3378 Necesse
740 3302 799 3366 est
833 3287 935 3365 enirn
971 3286 1159 3366 accident
1132 3301 1185 3365 tra
1221 3289 1288 3366 fin-

292 3420 330 3524 gi
350 3432 388 3497 et
390 3419 465 3497 iam
479 3444 547 3522 per
569 3439 609 3491 se
623 3411 788 3488 existent
789 3409 842 3498 ia,
860 3405 891 3483 si
917 3406 1013 3486 velis
1033 3434 1078 3485 ea
1096 3407 1145 3483 ad
1164 3409 1285 3484 scien-

292 3539 385 3616 tiam
411 3537 596 3618 evehere;
620 3525 823 3632 postquam
850 3522 941 3604 vero
960 3525 1007 3602 de
1035 3526 1107 3601 hac
1125 3524 1287 3604 entitate

293 3655 386 3760 quid
400 3680 468 3757 per
490 3647 750 3752 syllogismum
765 3644 1037 3734 affirmaveris,
1059 3643 1190 3722 licebit
1203 3669 1285 3720 rem
