2932 4722
675 327 718 390 29

158 435 161 442 ’
206 433 333 524 nesci,
354 443 401 512 ut
419 435 460 512 in
478 431 716 536 syllogismo,
746 434 906 537 possint.
928 435 1012 512 Jum
1030 434 1196 536 denique

205 551 297 656 ipsis
316 549 454 636 fatue
479 551 760 643 arridentibus,
786 552 809 631 ὲ
836 552 977 656 quibus
1005 553 1198 656 trogoediae

206 659 567 770 partesoriun'tur,
598 667 825 750 definiendis
856 668 1108 758 incumbens,
1130 695 1198 750 seu

205 783 456 889 peripetium,
479 785 737 890 agnitionem,
758 799 799 868 et
821 786 1044 868 violentiam
1067 785 1194 889 (πάθη),

192 927 273 980 seu
291 903 517 1006 prologum,
540 905 760 1011 opimium,
775 905 941 986 exodum
962 916 1002 984 et
1014 903 1194 992 chorum,

204 1045 273 1098 seu
287 1020 572 1102 miserationem
583 1037 623 1104 et
631 1037 819 1104 terrorem
828 1047 1049 1102 communes
1063 1047 1196 1099 esrum

204 1138 373 1241 portium
399 1139 519 1232 fines,
540 1143 655 1220 certis
674 1143 826 1220 indiciis
852 1167 897 1220 ao
922 1139 1110 1218 limitibus
1133 1139 1197 1214 de-

205 1256 412 1335 terminare
439 1257 557 1348 velit,
590 1284 636 1336 eo
663 1285 816 1364 semper
843 1271 883 1336 et
912 1254 1199 1336 accuratissime

206 1373 348 1462 studet,
359 1383 411 1451 ‘ut
428 1375 686 1453 necessarium
698 1373 722 1452 s
734 1373 971 1478 contingenti
981 1371 1142 1460 dividet,
1159 1381 1198 1448 et

207 1489 429 1592 particulari
448 1504 657 1598 anteponat
678 1492 909 1573 universale.

256 1610 380 1686 Mores
419 1622 576 1699 autem,
611 1611 746 1688 eodem
776 1635 822 1686 uo
838 1607 1021 1687 ‘fabulam
1052 1605 1193 1694 modo,

207 1723 422 1804 universale
444 1725 646 1817 affectare,
668 1727 770 1804 idest
789 1726 1050 1815 necessarios,
1073 1749 1210 1831 perso.

206 1869 344 1920 narum
361 1841 567 1944 generibus
577 1843 868 1933 convenientes,
888 1842 1134 1947 sibimetipsis
1153 1842 1199 1922 si-

204 1958 338 2048 miles,
354 1956 689 2063 aequulesomninir
707 1985 791 2038 esse
815 1971 979 2063 oportet.
996 1961 1079 2052 Quo
1096 1958 1141 2035 fit
1154 1970 1200 2034 ut

205 2099 284 2153 non
301 2074 324 2152 ὸ
342 2076 540 2166 machino,
563 2079 640 2180 qut
657 2102 808 2155 morum
838 2076 1072 2180 eontinuitas
1094 2102 1210 2153 rum-·

203 2192 328 2294 pitur,
342 2190 410 2268 sed
427 2216 475 2268 ex
492 2191 576 2294 ipss
587 2219 740 2271 morum
753 2193 979 2272 necessitate
992 2191 1198 2293 quaerenda

206 2309 258 2385 sit
278 2309 471 2411 tragoediee
489 2307 674 2389 clausule.
696 2312 819 2391 Mores
846 2307 938 2391 vert
957 2306 1099 2388 iteriun
1118 2335 1197 2386 non

208 2436 300 2502 sunt
330 2424 370 2500 id
397 2425 502 2529 quod
528 2427 684 2506 cuidam
707 2428 855 2507 homini
875 2428 1099 2532 proprium,
1130 2427 1198 2504 sed

205 2540 383 2620 omnibus
402 2544 577 2642 ejusdem
590 2545 736 2642 ingenii
757 2543 978 2624 hominibus
996 2566 1200 2620 commune

204 2668 275 2735 est.
291 2656 494 2760 Numquid
512 2656 564 2734 sit
575 2654 616 2732 in
625 2654 796 2732 humano
805 2681 946 2758 genere
954 2659 1197 2760 praestuntius

202 2785 333 2877 poetes
346 2786 386 2851 et
395 2772 560 2878 pictores
574 2769 820 2850 simulaturos
829 2796 912 2849 esse
922 2772 1085 2854 aestimat
1096 2771 1198 2852 Aris-

203 2889 351 2968 toteles.
374 2892 642 2994 Quapropter,
670 2888 835 2996 exempli
851 2887 998 2992 gratie,
1024 2916 1102 2976 non
1125 2893 1198 2967 iro·

202 3019 285 3082 tum
313 3005 544 3110 quemdam,
571 3007 639 3084 sed
657 3008 784 3112 ipsum
802 3007 989 3084 iratorum
1007 3033 1153 3109 genus,
1175 3009 1198 3086 ir

200 3123 387 3226 tragoediis
404 3122 628 3228 fingendum
647 3149 729 3231 esse
750 3123 906 3201 indicat.

256 3243 482 3346 Superesset
494 3254 539 3320 ut
551 3242 598 3320 de
612 3240 810 3320 effectibus
828 3241 1094 3356 loqueremur;
1117 3246 1197 3322 Sto.

200 3358 328 3464 gyritu
345 3356 457 3448 vero,
483 3355 572 3436 oiim
592 3361 631 3436 in
650 3359 852 3438 Rhetorice
866 3363 948 3463 jam
967 3361 1014 3438 de
1034 3363 1194 3450 iisdem,

201 3479 379 3580 quisunt
397 3479 583 3556 sermonis
602 3469 860 3583 generaliores
875 3481 1055 3582 origines,
1078 3482 1193 3556 disse·

201 3595 339 3687 ruerit,
356 3621 462 3676 nuno
483 3596 750 3700 addictionem
770 3609 856 3699 quse
875 3595 1061 3673 sermonis
1075 3595 1194 3697 ipsius

200 3712 353 3818 regulas
372 3713 518 3819 praebet
537 3714 857 3822 propinquiores,
878 3713 1030 3802 transit.
1052 3712 1134 3809 Qus
1153 3713 1194 3790 in
