2932 4722
672 314 707 374 ll

193 431 248 496 tas
261 416 459 496 incusavit
477 415 697 508 Aristoteles
728 418 794 522 qui
819 418 1083 520 depromptam
1103 435 1185 496 tan-

191 531 328 631 tumen
337 532 522 610 accidenti
534 533 733 609 scientiam
744 532 1074 623 olim-habuerant,
1089 535 1187 634 itaet

118 717 139 752 ⁴.
189 651 230 742 in
243 649 313 740 hac
327 649 533 728 rhetorices
547 662 655 752 parte
669 651 846 752 queritur
858 664 1046 751 nugantes
1067 651 1187 727 antea
1216 681 1220 688 ·

189 765 361 844 rhetores
376 767 441 858 ,in
460 766 519 862 his
539 766 627 844 solis
642 794 728 870 quae
744 780 812 844 aut
830 793 876 852 ex
897 768 1059 850 oratoris
1075 767 1184 842 allec-

82 911 118 970 ·‚
190 883 427 990 tionibusad
451 884 754 986 comprobandos
774 877 913 972 mores,
935 885 1004 958 a'ut
1023 909 1069 958 ex
1083 885 1187 960 audi-

190 998 284 1092 toris
305 1001 475 1092 moribus
490 1001 539 1076 ad
558 998 776 1078 affectiones
791 1001 1029 1078 suscitandas
1043 1001 1185 1076 condu-

189 1129 354 1210 cuntur„
377 1115 498 1194 artem
527 1145 636 1194 suam
658 1117 786 1194 'totam
815 1119 1070 1194 constituisse.
1103 1121 1185 1220 lpse

188 1232 286 1342 vero¹
301 1233 378 1311 acri
405 1235 603 1311 contendit
623 1236 750 1313 studio
775 1236 823 1310 ad
842 1261 926 1313 eam
949 1235 1184 1336 probationis

189 1363 352 1452 partem,
370 1378 470 1453 quae,
492 1378 539 1428 ex
558 1352 645 1428 imis
655 1352 715 1436 rei
736 1349 1082 1440 visceribus'edita‚
1101 1354 1185 1427 uni-

188 1468 336 1544 versele
347 1453 737 1569 quoddamrhetorice
748 1469 1180 1571 propriumconlormat.
1239 1501 1243 1510 ⁴
1288 1527 1291 1534 .

242 1587 290 1660 Ut
309 1597 437 1663 autem
456 1598 685 1687 perpetuum
707 1585 815 1661 illum
838 1585 1060 1660 eorumdem
1081 1587 1184 1686 prin-

190 1697 376 1802 cipiorum
397 1701 564 1776 reditum
588 1702 789 1778 miraberis
811 1702 883 1777 hoc
903 1686 1017 1777 etiam
1043 1703 1083 1776 in'
1101 1701 1185 1776 loco
1242 1685 1247 1696 ⁴

189 1813 428 1904 constantem
448 1817 691 1920 particularis
711 1828 750 1892 et
768 1816 996 1894 universalis
1016 1809 1186 1920 partitio-

189 1959 277 2013 nem
301 1935 516 2012 ostendam.
539 1917 679 2013 Omnes
699 1957 865 2033 namque
879 1933 1123 2034 probationes
1138 1960 1184 2009 ex
1279 1997 1285 2008 .

187 2074 228 2124 re
257 2049 346 2151 ipsd‘
361 2062 488 2140 ortas,
515 2064 583 2127 aut
608 2049 927 2128 demonstrativas
948 2047 963 2150 (
982 2060 1016 2142 τῇ
1043 2057 1124 2146 φύσει
1144 2051 1179 2150 ),

187 2177 254 2240 aut
273 2159 609 2242 demonstrationis
628 2167 752 2243 vicem
778 2163 963 2238 habentes
987 2162 1075 2261 (πρὸς
1089 2163 1185 2262 ἡμᾶς)

187 2277 380 2378 Stagyrita
399 2276 557 2357 indicat.
579 2269 748 2363 Priores,
771 2275 1075 2378 enthymemata;
1099 2301 1182 2376 pos-

188 2393 374 2482 teriores,
410 2392 587 2494 exempla
614 2403 739 2470 vocat.
778 2392 902 2484 Quare
932 2390 1070 2494 saepids
1103 2395 1183 2494 ipse

187 2501 355 2596 dictitat,
377 2507 622 2609 enthymema
642 2521 681 2583 et
698 2507 892 2608 exmplum
912 2507 1120 2610 syllogismi
1144 2524 1183 2586 et
1233 2515 1240 2532 '

167 2615 420 2706 'inductionis
440 2623 481 2700 in
500 2623 690 2701 rhetorice
710 2649 851 2700 munus
866 2649 1018 2724 ¹gerere.

116 2820 119 2824 ,
238 2742 491 2844 Enthymema
512 2740 604 2818 vero
623 2767 692 2844 per
710 2767 750 2818 se
765 2741 860 2816 nihil
879 2742 984 2818 aliud
1003 2756 1079 2831 est,
1106 2745 1180 2822 nisi
1241 2731 1245 2742 ⁵

185 2857 428 2962 syllogismus
448 2857 635 2938 ambobus
658 2855 808 2935 tantum
829 2860 1009 2937 extermis
1029 2887 1179 2965 compo-

185 2976 306 3064 situs,
329 2975 532 3076 medioque
555 3001 689 3054 carens
716 2975 899 3062 termino,
932 2979 998 3076 qui
1022 2980 1178 3079 quidem

173 3083 278 3168 'dum
291 3092 330 3166 in
342 3089 531 3193 mentelii
547 3091 662 3193 θὺμῳ),
679 3089 811 3192 utpote
826 3091 917 3166 satis
932 3093 1172 3183 manifestus,
1227 3143 1230 3152 ,

185 3210 389 3298 retinetur,
415 3209 505 3286 huic
524 3207 778 3284 ratiocinandi
798 3207 928 3283 lormae
955 3234 1094 3287 nomen
1115 3213 1177 3288 de-

185 3327 254 3402 dit.
287 3329 409 3420 Quam
428 3351 506 3403 non
534 3323 658 3404 soldm
678 3326 726 3403 ob
751 3353 928 3415 causam,
961 3328 1028 3403 sed
1058 3330 1176 3430 ipsius
1279 3423 1284 3436 1

129 3465 143 3480 ··
184 3444 299 3520 etiam
312 3457 471 3548 propter
489 3457 667 3522 naturam
686 3443 908 3532 rhetorices⁹
932 3437 1177 3547 enthymema

78 3551 85 3560 ’
185 3574 243 3636 est
267 3561 486 3664 syllogismo
516 3561 644 3640 mimis
671 3561 897 3664 perlectum.
928 3561 1175 3664 Syllogismus

184 3678 287 3754 onim
307 3677 394 3756 oum
414 3679 642 3784 plerumque
668 3680 890 3758 necessariis
906 3680 1189 3781 propositioni'-'
