2932 4722
282 441 361 526 haee
372 466 449 544 prae
459 441 558 530 se,'si
569 439 672 518 credi
687 440 749 516 ille
762 438 869 528 velit,
882 438 1053 520 laturum
1063 441 1279 529 'esse‚intel—
1380 517 1383 522 .

281 557 403 634 lectuls
423 555 567 634 scilieet
580 557 1014 659 prudentiamsmorum
1027 558 1274 660 probitatem,

282 670 486 750 affectuum
504 661 826 752 benevolentiam.
840 677 882 750 ln
899 681 945 752 e'o
959 671 1097 768 vorum
1111 673 1282 750 maxime·

279 787 458 864 emioabit
475 789 699 891 prudentia,
721 790 752 868 si
771 789 928 870 effeetus
948 791 1208 878 audientium,
1227 802 1278 866 te:
1398 881 1403 890 Ι

280 904 484 986 nuissimos
503 909 614 1012 quasi
633 907 783 1012 aepenb
795 908 1005 992 invisibiles
1021 921 1164 988 nervos
1184 907 1276 997 deli·

278 1023 363 1098 cati
384 1048 678 1106 manumovere
698 1053 742 1103 ae
755 1053 960 1130 personare
975 1025 1161 1129 potueris.
1187 1024 1275 1100 Tria

278 1135 398 1236 igitur
419 1135 560 1216 iteriun
594 1143 634 1218 in
662 1142 798 1246 quovis
835 1141 974 1216 affectu
1002 1138 1276 1242 perpendenda

278 1266 383 1342 sunt,
393 1254 530 1358 nempe
537 1258 742 1359 quomodo,
756 1253 873 1361 quam
882 1259 922 1335 in
933 1282 1150 1359 personam,
1159 1281 1277 1358 quam

260 1369 326 1444 'ob
340 1397 422 1450 rem
435 1372 549 1451 homo
563 1374 726 1477 quilibet
738 1374 837 1452 affici
851 1376 989 1463 soleat,
1007 1374 1060 1452 ita
1079 1386 1124 1450 ut
1132 1372 1274 1474 judicis

184 1499 187 1506 “
279 1489 399 1562 menti
419 1490 467 1564 ad
486 1492 590 1568 hune
608 1491 765 1570 modum
785 1493 952 1570 incitatae
979 1503 1096 1593 queat
1119 1498 1272 1578 orator,

277 1616 386 1705 parte
406 1606 446 1682 in
461 1607 644 1717 adversi,
666 1620 706 1684 et
730 1622 863 1686 remet
880 1627 1084 1709 personam
1103 1601 1285 1707 retegere
1310 1619 1314 1626 '

154 1769 157 1776 ,
278 1719 420 1822 quibus
439 1723 675 1808 decretorius
701 1724 764 1801 ille
784 1723 942 1802 affectus
964 1723 1185 1800 suscitetur.
1213 1723 1274 1822 Sic
1294 1803 1298 1812 ,

277 1835 375 1914 iram
393 1851 433 1915 et
450 1838 711 1929 elementiam,
739 1823 916 1917 amorem.
927 1852 967 1944 et
992 1840 1146 1942 odium,
1169 1840 1275 1916 timo·-

275 1978 358 2028 rem
371 1966 410 2030 et
418 1953 621 2045 fiduciam,
643 1956 831 2059 pudorem
844 1947 1189 2060 etimpudentiam
1204 1955 1274 2044 mi-

266 2069 523 2158 sericordiam
535 2086 576 2150 et
588 2065 914 2175 indignationem(
926 2075 1204 2178 aemulationem
1234 2085 1273 2146 et

278 2186 463 2266 invidiam
474 2202 541 2266 aut
555 2193 791 2294 usurpanda,
804 2204 872 2266 aut
889 2190 929 2265 in
943 2188 1180 2264 audientium
1191 2211 1273 2286 peo—
1366 2287 1371 2296 ⁴

276 2305 427 2384 toribus
435 2309 679 2386 accendenda
688 2309 825 2386 tradit·
837 2307 947 2399 Quod
956 2303 1140 2384 autemad
1151 2327 1274 2380 mores

271 2422 515 2496 ¹audientium
527 2433 688 2520 spectat,
700 2446 778 2507 non
791 2421 1188 2518 caecopartieularium
1198 2419 1275 2495 lato
1316 2513 1319 2520 A

271 2536 480 2638 -relinquim
502 2536 571 2615 sed
596 2534 828 2616 universalia
851 2517 1026 2638 quaedam
1041 2534 1272 2624 instituens,
1306 2527 1310 2536 ⁴

277 2654 478 2733 detinearis
509 2657 590 2758 jam
618 2653 813 2733 variorum
838 2651 1049 2732 affectuum
1066 2653 1271 2754 ingeniis,

277 2775 467 2876 profectos
480 2783 548 2850 aut
560 2799 607 2850 ex
619 2784 753 2861 aetate,
770 2783 838 2848 out
846 2797 894 2847 ex
902 2771 1075 2859 fortuni,
1093 2770 1273 2846 humores

277 2889 366 2966 oiim
381 2891 589 2998 juvenum·
603 2890 800 2973 virorum,
818 2885 1276 2988 senumque‚¹ti1mnobi.

276 3005 395 3094 lium,
417 3002 600 3090 divitum,
635 3027 679 3079 ae
715 3000 928 3102 potentium
965 2999 1161 3102 describit.
1203 2999 1274 3078 Ubi

277 3121 369 3201 verb
384 3122 432 3200 ad
442 3120 660 3199 eommunia
678 3113 833 3195 tandem
844 3107 1276 3219 enthymematum-loca

277 3239 402 3327 venit,
419 3238 491 3338 hoe
504 3235 646 3336 iterum
664 3238 720 3312 rei
731 3243 1094 3337 nostrae'eongruens
1108 3237 1275 3313 allirmat

200 3387 203 3394 ·
279 3355 424 3460 nullam
449 3379 531 3452 esse
550 3379 659 3458 posse
679 3366 993 3457 argumentorum
1023 3365 1270 3455 potestatem,

278 3473 354 3566 nisi
370 3486 499 3566 orator
517 3471 759 3575 generalibus
778 3472 954 3549 omnibus
973 3496 1058 3574 quae
1077 3472 1207 3558 adid,
1224 3472 1271 3546 de

279 3619 356 3694 quo
387 3592 532 3693 agitur,
561 3590 757 3693 negotium
783 3590 999 3693 pertinent,
1025 3586 1273 3691 priris’inlor·

278 3721 403 3821 matus
421 3708 554 3798 luerit3
577 3721 670 3788 tune
688 3707 791 3785 inter
812 3707 1120 3810 enthymema-ta,
1150 3717 1194 3784 ut
1221 3704 1287 3782 in-.
