2932 4722
684 291 722 354 ll

205 393 446 476 llincetenlm
460 421 507 512 ex
521 397 640 500 ipsius
653 397 881 478 universalis
894 399 1112 490 altitudine,
1130 426 1198 503 per

165 585 169 594 .
206 512 297 590 istas
328 514 478 616 generis
496 515 692 616 'et-speciei
704 516 951 617 ..partitiones
969 515 1194 606 descendit,

204 627 1200 733 illincverdparticularia,perquamdammathemati·

99 813 102 820 .
204 769 288 820 cam
298 743 504 836 fictionem,
519 744 1197 825 in'cxtremumuniversaliumlocum

203 863 337 938 erexit.
361 863 469 956 Quod
489 863 520 940 si
541 875 669 940 autem
689 863 853 966 imagine
867 863 1040 966 quadam
1052 869 1195 955 uterer,

202 1001 342 1088 novam
356 978 455 1056 hanc
475 979 1044 1083 interpretationem‘immensae
1063 979 1197 1076 confir·
1237 977 1240 984 ’

201 1120 348 1172 marem
361 1096 540 1200 'exemplo
558 1097 721 1186 arboris,
737 1099 848 1199 cujus
867 1094 1016 1172 radices
1034 1097 1074 1171 in
1093 1100 1197 1172 terra
1318 1189 1321 1196 Ι

147 1213 150 1218 ’
202 1211 896 1315 absconditae,'lrondesqueaidcoelum
907 1238 1031 1316 usque
1039 1223 1193 1320 evectae,

201 1328 355 1407 telluris
377 1356 509 1407 succos
537 1356 584 1407 ex
609 1330 729 1407 alteria
743 1333 863 1434 'parte
878 1367 895 1418 ,·
910 1341 950 1406 et
968 1329 1132 1420 nubium
1152 1357 1198 1406 ex

201 1445 322 1523 altera
351 1446 542 1550 liquorem
572 1447 870 1550 permiscuerint
901 1477 909 1520 :
946 1471 1067 1549 quam
1091 1446 1197 1525 Plato

201 1561 364 1674 quidem
377 1563 466 1641 solis
491 1561 701 1641 dnubihu's
714 1562 1196 1668 ,‘·'Baco'longd'posthdce

201 1676 338 1754 tellure
364 1677 540 1768 tantiam,
562 1680 785 1759 Aristoteles
806 1693 935 1757 autem
959 1681 999 1756 in
1018 1679 1190 1757 medio
1175 1709 1196 1757 e

200 1793 371 1873 nubibus
385 1809 430 1873 et
453 1779 591 1917 tellure
620 1795 735 1918 simul
763 1823 832 1876 sua
855 1797 996 1876 ducere
1015 1797 1196 1876 alimenta

195 1911 523 1995 aestimaverunt
907 1937 910 1943 ¹
1147 1939 1151 1948 ·
1276 2013 1279 2020 .

252 2032 335 2122 Quo
349 2027 484 2108 autem
509 2032 622 2110 modo
647 2034 815 2136 cognitio
840 2045 880 2110 et
905 2034 1068 2111 scientia
1087 2034 1194 2111 dille·

199 2159 316 2238 runt,
339 2147 485 2224 eodem
492 2156 533 2225 et
549 2150 702 2226 differre
726 2154 827 2227 iuter
845 2176 885 2226 se
903 2151 1095 2250 Stagyrita
1115 2177 1192 2226 mo·
1239 2141 1243 2150 ’

198 2275 267 2335 net
303 2253 564 2334 inductionem
610 2258 810 2360 (ἐπαγωγὴ)
855 2272 894 2336 et
929 2262 1191 2364 syllogismum

201 2372 460 2474 (συλλογισμὸς),
483 2397 594 2475 pares
595 2369 731 2450 ferme
759 2374 863 2452 hisce
889 2379 1078 2474 methodis
1097 2410 1192 2485 quas

175 2501 178 2508 '
198 2487 430 2565 recentiores
458 2489 593 2565 nostri
599 2489 786 2593 analysim
811 2507 850 2567 et
868 2495 1080 2594 synthesim
1100 2525 1194 2576 nun-

199 2605 401 2709 cupavere.
436 2608 607 2708 Namque
625 2607 837 2684 inductio
826 2633 866 2682 ιιι
886 2611 1117 2710 particulare
1139 2616 1194 2697 in·
1217 2615 1221 2624 “

199 2721 300 2823 gerit
327 2722 563 2812 universale,
586 2735 626 2799 et
650 2722 891 2826 syllogismus
910 2725 959 2802 ab
984 2727 1192 2807 universali

199 2836 248 2913 ad
270 2837 503 2942 particulare
534 2837 806 2941 progreditur:
820 2844 862 2917 ln
893 2868 938 2919 eo
965 2845 1084 2946 igitur
1107 2848 1191 2948 jam

197 2952 439 3055 syllogismus
458 2954 689 3045 constiterit,
712 2957 759 3047 si,
785 2958 1015 3060 quibusdam
1034 2964 1187 3064 positis,

198 3069 304 3146 aliud
332 3067 518 3172 quiddam
540 3069 742 3149 diversum
779 3075 827 3149 ab
858 3073 918 3151 his
950 3103 1035 3179 quae
1066 3080 1191 3191 posita

196 3197 288 3262 sunt
306 3183 520 3265 necessarii)
523 3187 733 3279 acciderit,
704 3187 808 3267 ted
829 3187 954 3324 qudd
956 3192 1098 3298 priora
1109 3193 1189 3272 haec

196 3299 360 3390 itasint3
383 3303 423 3378 in
442 3328 488 3379 eo
506 3307 645 3381 co'ntra
658 3246 897 3396 inductio,
866 3335 898 3385 ει
917 3309 957 3384 in
977 3312 1113 3412 quovis
1132 3337 1189 3390 ac·
1243 3373 1245 3380 .

195 3416 357 3509 cidenti,
379 3417 419 3496 vi
441 3421 596 3524 propria
614 3448 721 3502 mens
748 3451 870 3502 unum
884 3427 1102 3508 universale
1121 3443 1188 3506 aut

174 3551 178 3560 ·
195 3534 306 3636 plura
325 3536 557 3615 universalia
570 3539 780 3620 induxerit.
802 3544 924 3622 llam
914 3571 953 3634 ιιι
968 3545 1186 3648 syllogismo

196 3650 293 3740 nihil
317 3679 424 3734 mens
444 3655 491 3732 de
510 3681 550 3733 se
571 3658 696 3746 addit,
714 3657 763 3736 u't
780 3685 828 3750 en
845 3661 992 3741 verbo
982 3688 1063 3765 ipso
1081 3676 1186 3782 patet
