2932 4722
771 273 812 334 3⁶2

295 379 541 482 particularia
570 381 753 482 maj0rem
778 377 895 484 quam
915 374 1144 455 universalia
1163 375 1287 454 locum

298 493 520 596 impetrant.
543 495 619 571 Hoc
643 508 771 572 autem
797 520 931 598 poema
954 495 1110 598 praemio
1137 493 1288 596 dignius

296 607 340 686 eb
359 613 551 714 judicabis
573 610 650 716 qud
670 611 826 718 propibs
845 613 1037 715 tragoediae
1062 624 1190 717 partes
1216 613 1290 688 avi-

295 729 424 807 cinare
443 744 482 807 et
500 731 676 836 amplecti
692 731 874 836 potuerit.
892 733 1077 808 Homerus
1097 730 1257 833 itaquel
1282 776 1291 786 -

295 847 515 924 mamillam
546 849 801 926 immortalem
824 848 1048 951 occupavit,
1066 860 1105 923 et
1124 847 1287 948 tragicos

298 962 399 1040 inter
412 965 559 1067 primus
568 993 612 1044 ac
622 978 848 1044 caeterorum
859 964 1014 1070 quidem
1024 962 1137 1065 'quasi
1152 986 1304 1064 parcns·

295 1096 570 1160 annumeratus
590 1098 671 1174 est,
692 1085 783 1188 quia
806 1084 847 1160 iu
871 1083 1004 1160 metris
1024 1081 1105 1184 ipse
1118 1080 1198 1158 suis
1211 1117 1224 1168 ·,
1246 1092 1292 1156 ut

294 1199 429 1300 tragici
448 1200 490 1275 in
512 1199 667 1290 iambis,
689 1199 857 1276 fabulam
881 1225 1018 1287 unam,
1036 1224 1161 1276 mores
1172 1196 1291 1273 conti-

296 1341 408 1405 nuos,
431 1316 582 1420 aliaque
599 1316 816 1395 universale
834 1315 1061 1420 usurpantia
1075 1315 1217 1402 omnia,
1239 1312 1294 1388 in·

295 1431 431 1510 texuit.
447 1433 635 1525 Quoniam
649 1445 779 1510 tamen
802 1433 1051 1537 particularia
1065 1431 1186 1510 multa
1205 1456 1291 1506 nar-

296 1573 382 1623 rare
400 1548 531 1651 epicus
552 1548 674 1628 soleat
692 1563 821 1639 vateS,
847 1550 946 1627 hanc
966 1575 1126 1628 suorum
1155 1547 1302 1624 carmi-.

295 1691 390 1741 num
422 1665 742 1756 imbecillitatem,
771 1664 942 1742 mirificis
979 1665 1211 1771 quibusdam
1247 1691 1292 1741 ac

297 1783 657 1888 supernaturalibus
690 1785 866 1884 casibus,
896 1785 1012 1861 etiam
1042 1782 1145 1861 ultra
1177 1782 1293 1859 ratio-

296 1927 385 1976 nem
413 1903 652 2004 compositis,
683 1904 876 2003 corrigere
898 1902 1044 1980 debet:
1066 1901 1120 1978 ita
1138 1914 1183 1977 ut
1210 1900 1292 2004 ipsa

295 2014 335 2090 in
355 2013 597 2104 narratione,
625 2015 794 2118 ipsisque
813 2021 854 2092 in
872 2016 981 2096 lactis
1006 2018 1200 2120 exaliqua
1219 2015 1292 2094 sal-

299 2143 373 2208 tem
392 2143 500 2234 parte
516 2130 755 2210 ⁴universalis
776 2131 840 2212 via
854 2132 1070 2236 aperiatur.

349 2250 514 2327 Possunt
531 2248 649 2352 igitur
663 2248 822 2325 totidem
831 2251 1031 2352 poematis,
1047 2261 1142 2351 quot
1154 2261 1289 2350 tragoe-

298 2363 370 2440 diae
386 2391 528 2465 genera
554 2365 781 2466 computari.
813 2364 1019 2464 Tragoediae
1044 2375 1173 2440 autem
1198 2391 1291 2468 qua-

297 2491 387 2554 tuor
416 2479 628 2567 habentur,
650 2477 819 2581 primirm
843 2478 980 2582 nempe
1008 2480 1181 2583 implexae
1206 2510 1290 2585 quae

298 2593 506 2700 peripetid,
525 2595 740 2698 agnitione,
757 2595 877 2672 multa
891 2598 1064 2674 omnium
1082 2612 1299 2677 eventuum·

299 2717 452 2794 caterva
480 2711 678 2804 abundat,
710 2714 923 2793 secundum
950 2715 1181 2819 pathetica,
1207 2745 1302 2817 quae,

299 2831 486 2934 supplicio
514 2831 684 2933 quodam
717 2831 891 2920 illustri,
927 2846 996 2909 aut
1026 2833 1180 2922 lurore,
1225 2845 1293 2909 aut

298 2950 408 3052 passa
420 2947 550 3052 aliqud
563 2945 746 3024 violencia
760 2959 918 3022 notatur
934 3005 943 3034 ,
961 2951 1119 3028 tertium
1138 2950 1298 3028 moralis·

299 3092 384 3168 quae
409 3064 592 3143 virtutem
611 3060 793 3164 exemplis
818 3062 1077 3152 commendat,
1109 3077 1293 3166 quartum

299 3179 465 3283 denique
489 3178 792 3281 supernaturalis
811 3207 896 3282 quae
915 3179 1126 3258 inferorum
1144 3181 1291 3260 labulas

299 3294 446 3398 pandit.
477 3295 623 3389 Quibus
654 3295 685 3370 si
717 3297 867 3374 Homeri
893 3322 1028 3377 versus
1056 3301 1183 3378 metiri
1201 3301 1291 3380 veli-

298 3439 401 3502 mus,
423 3413 578 3489 Iliadem
597 3411 808 3516 simplicem
826 3427 865 3491 et
887 3415 1141 3518 patheticam,
1173 3419 1292 3521 Odys-

297 3556 399 3630 seam
421 3530 622 3635 implexam
642 3542 681 3607 et
700 3531 884 3609 moralem
904 3533 1158 3613 inveniemus

354 3645 447 3726 Cdm
471 3662 598 3732 autem
622 3646 670 3724 ad
690 3647 825 3728 ultima
843 3648 998 3730 demum
1020 3649 1137 3732 verba
1161 3676 1291 3756 perve-
