2932 4722
682 341 719 406 ll
793 375 796 382 ·

83 518 87 524 .
203 457 299 537 tem,
322 446 457 525 *varias
483 444 787 526 dominationum
811 441 952 525 loturos
973 434 1188 553 distinguit.

191 560 552 642 ‚Demonstrativum
571 567 700 674 autem
719 565 820 641 idem
839 565 902 641 ille
920 591 1060 667 genua,
1083 569 1193 670 cujus

185 675 356 770 :laudem
379 680 591 782 praesertim
609 694 648 757 et
672 680 994 784 vituperationem
1006 682 1194 784 impertiri

190 795 408 897 'proprium'
420 809 497 888 est,
512 796 667 876 virtutis
687 797 894 898 universali
914 798 1080 899 quadam
1105 823 1193 876 oon-

202 913 471 1016 tcmplatione‚
506 914 880 1018 particularibusque
907 913 1089 1017 exemplis
1117 941 1198 991 cor·

202 1028 371 1106 roborat.
399 1033 442 1106 ln
464 1030 678 1133 judicativo
705 1029 896 1136 postremo
916 1053 1083 1133 genere,
1117 1057 1195 1109 uon

203 1143 355 1222 tantum
374 1146 520 1236 noxias,
548 1148 615 1224 sed
629 1148 887 1246 humanorum
905 1147 1077 1224 omnium
1095 1159 1195 1222 acto

204 1285 291 1336 rum
316 1287 469 1350 causas,
493 1262 610 1338 animi
631 1255 808 1342 'divorsos
830 1274 985 1351 motus,
1012 1263 1192 1363 injurias,

203 1375 438 1480 voluptates,
460 1378 683 1482 reipublicae
692 1381 784 1482 jura
801 1380 1025 1482 etinjussa,
1046 1377 1206 1454 uaturae'

205 1493 325 1596 ipsius
334 1495 400 1596 jus
419 1496 523 1599 quod
542 1497 700 1600 aequitas
719 1509 897 1585 vocatur,
914 1494 1083 1598 aprimis
1097 1493 1199 1596 prin-

205 1611 313 1712 cipiis
325 1611 374 1691 ad
383 1613 538 1691 ultimas
552 1615 729 1717 perducit
741 1613 1048 1718 consequentias.
1061 1610 1199 1686 Tribus
1294 1603 1297 1610 ’

206 1739 335 1805 autem
360 1729 400 1805 in
424 1729 485 1806 his
510 1732 716 1842 geperibus
752 1732 907 1834 propria
938 1729 1198 1831 enthymema-

192 1857 290 1922 tum
310 1845 392 1940 loca
409 1847 615 1949 diligenter
647 1847 817 1936 notavit,
839 1875 924 1950 quae
951 1845 1130 1924 videlicet
1160 1845 1200 1919 in

208 1951 346 2066 primo,
367 1961 509 2043 abono'
525 1965 696 2054 etmalo‚
712 1965 753 2040 in
771 1962 953 2052 secundo,
973 1960 1021 2038 ab
1040 1961 1200 2038 honesto

206 2091 246 2154 et
265 2080 387 2183 turpi,
414 2081 456 2157 iu
475 2069 607 2172 tertio,
629 2079 772 2183 ajusto
790 2092 830 2156 et
863 2078 1007 2180 injusto
1025 2075 1200 2180 pandun-

157 2290 159 2294 ‚
207 2207 284 2282 tur.
374 2239 381 2252 ·
780 2271 782 2276 ,

260 2303 465 2408 Postquam
477 2303 569 2384 verb
588 2306 719 2410 generi
734 2305 873 2410 cuique
887 2307 1042 2412 propria
1061 2305 1141 2385 sive
1153 2333 1201 2384 ex
1309 2312 1311 2317 '

209 2421 507 2530 universalibus,
524 2422 604 2500 sive
622 2422 643 2498 ὲ
663 2423 959 2526 particularibus
978 2423 1198 2514 distribuit,

160 2531 164 2540 ’
199 2549 399 2641 ,ίιιηοῳιεε
419 2527 512 2616 sunt
524 2538 648 2613 tribus
661 2539 721 2614 his
739 2541 822 2614 loca
846 2541 1090 2628 communia,
1112 2539 1201 2616 crim

198 2680 256 2732 ,ex
295 2667 404 2756 parte
441 2652 634 2757 loquentis
674 2665 743 2729 aut
775 2653 989 2742 audientis,
1029 2652 1113 2730 tirm
1155 2681 1203 2730 cx

209 2782 317 2874 parte
336 2769 457 2874 ipsius
482 2769 666 2847 orationis
689 2767 825 2848 rursus
849 2768 1005 2872 colligit.
1031 2767 1201 2846 Primum

208 2888 332 2990 igitur·
363 2888 412 2964 de
449 2885 646 2964 affectibus
677 2887 744 2990 qui
775 2913 900 2966 mores
924 2873 1093 2984 ‘oratoris'
1125 2913 1203 2964 ma«

209 3005 413 3094 nilestant,
448 3001 616 3106 secundi)
643 3004 690 3081 de
721 2993 893 3080 moribus
919 3003 1021 3081 uude
1042 3003 1203 3082 allectus

205 3121 466 3222 judicantium
488 3111 667 3197 mov'e'ndi
688 3119 856 3196 sumitur
886 3119 1057 3208 occasio,
1088 3119 1201 3197 tertio

211 3238 258 3313 de
277 3237 369 3316 locis
389 3238 717 3341 enthymematum
730 3248 769 3312 et
782 3235 1045 3338 exemplorum
1058 3235 1203 3339 pariter

210 3353 478 3431 communibus
496 3350 679 3457 disputat.
701 3354 783 3445 Quo
802 3365 930 3429 autem
950 3352 1111 3430 artificio
1124 3377 1202 3428 om-

211 3472 276 3548 nia
302 3472 383 3548 baec
401 3471 647 3559 tractaverit,
682 3496 903 3573 quanquam
926 3471 1007 3572 jam
1030 3469 1201 3562 anostro

210 3590 249 3664 id
278 3590 394 3668 distet
424 3589 612 3693 tantisper
641 3587 862 3693 proposito,
898 3589 1029 3690 paucis
1074 3601 1201 3663 tamen

182 3775 185 3782 .
211 3704 1205 3792 verbismonstrabimuslllonetenimoratorem,tria
