2932 4722
663 331 707 394 ‘ld

185 456 245 522 ter
267 448 524 550 syllogismos,
545 447 849 535 demonstrativu-
873 446 895 524 d
923 449 1026 525 falsis
1046 448 1178 528 distin-

187 562 296 662 guis,
319 565 518 666 multaque
538 575 646 642 notet
664 564 746 641 locs
764 563 906 667 quibus
927 577 1180 667 utrorumque

184 705 304 780 genus
323 663 575 784 agnoscatur!
1021 715 1024 720 ·

238 800 293 878 De
311 801 485 902 pestibus
520 797 614 882 vero
648 801 854 889 orationis,
887 826 982 902 quss
1020 799 1042 876 ὸ
1077 825 1178 878 com·

187 913 363 1016 pluribus
400 930 440 1002 et
476 917 787 1021 contingentibus
830 916 980 1020 peritur
1025 913 1178 1000 divisio·

187 1029 301 1110 nibus
331 1032 377 1114 in
414 1032 512 1114 dues
549 1030 702 1115 entem
739 1030 1001 1118 necessarias,
1038 1055 1176 1133 propo·

185 1145 362 1226 sitionern
399 1149 545 1231 scilicet
580 1161 649 1231 aut
680 1150 964 1253 questionem,
1008 1158 1048 1225 ct
1094 1173 1179 1250 prov

183 1260 378 1343 bationem
409 1278 477 1345 eut
505 1265 872 1348 demonstrationem
901 1263 1054 1366 coegit,
1098 1289 1177 1347 nun

182 1374 355 1481 longios,
393 1393 438 1464 ut
473 1395 513 1460 et
530 1393 617 1464 atros
647 1379 764 1471 lecit,
796 1377 994 1466 dicemus·;
1029 1378 1179 1481 singule

187 1495 303 1572 etism
341 1525 427 1601 quse
458 1499 508 1581 de
530 1498 697 1580 dictione
733 1497 943 1579 rhetorices
965 1492 1179 1598 exquisitis-

186 1613 284 1692 simu
311 1615 392 1716 ipse
426 1617 633 1706 disseruit,
677 1613 815 1700 melitis
848 1641 917 1698 nos
949 1613 1033 1694 tem
1068 1612 1181 1692 colla-

188 1730 293 1808 tione
306 1730 623 1834 dijudicabimus,
639 1731 729 1820 crim
745 1735 794 1818 ed
805 1757 961 1838 poeseos
976 1731 1182 1811 dictionem

192 1848 425 1933 venerimus.
499 1839 500 1844 Ν
584 1895 588 1900 ’
854 1873 858 1884 ·

210 2003 212 2006 ·
242 1971 350 2050 Nunc
368 1970 472 2052 enim
499 1970 549 2051 ed
568 1967 927 2074 prestantissimum
959 1966 1067 2046 illum
1095 1968 1182 2044 Poo

187 2086 280 2168 tices
299 2086 458 2179 librum,
469 2086 854 2192 breviorem'quidem
869 2087 1042 2191 paginis,
1063 2084 1180 2166 rebus

186 2200 278 2282 verd
301 2203 561 2288 ditissimum,
590 2219 631 2280 et
665 2205 766 2282 fami
784 2203 1015 2303 injuriisque
1039 2201 1175 2278 multo·

188 2341 277 2396 rum
312 2314 605 2398 celeberrimum
633 2326 887 2400 transeamus.
909 2321 958 2399 ln·
971 2318 1043 2400 hoc
1064 2317 1182 2402 etiem

189 2429 410 2509 eorumdem
430 2431 708 2532 principiorum
726 2492 736 2520 ‚
756 2445 843 2536 quse
861 2432 883 2513 e
901 2435 1036 2538 logice
1043 2437 1125 2537 jam
1139 2435 1180 2512 in

186 2546 423 2626 Rhetorieen
451 2546 620 2630 labentis
649 2548 796 2650 experti
819 2575 954 2629 sumus
972 2551 1176 2638 derivatio-

189 2688 278 2742 nem
298 2673 588 2767 persequemur.
608 2666 742 2759 ¹Quum
760 2677 889 2746 sutem
909 2667 991 2771 lpse
1010 2668 1050 2746 iu
1069 2693 1177 2771 proe-

189 2780 266 2858 mio
293 2777 532 2872 Aristotelem
555 2808 693 2886 poems
718 2795 760 2862 st
783 2785 1023 2886 tragediam,
1046 2811 1182 2871 comm·

186 2895 289 2976 diem
302 2898 603 3003 etditymmbes,
617 2900 802 2984 tibiarum
821 2915 973 2992 euntes,
991 2902 1178 3007 lyrarum-

188 3038 264 3116 que
285 3015 596 3119 compositiones.
619 3017 850 3101 imitationes
868 3032 1001 3108 vocet,
1017 3021 1038 3104 ἐ
1057 3023 1182 3100 forms

186 3130 365 3221 mntem,
395 3131 514 3212 nonis
541 3133 774 3224 substantii,
796 3136 897 3217 hene
921 3163 1009 3216 cum
1034 3138 1179 3218 ducere
1298 3127 1302 3136 ’

188 3248 469 3339 definitionem,
484 3248 593 3355 equi
610 3251 785 3336 dixerim.
801 3251 911 3348 Quod
931 3255 962 3336 si
983 3255 1086 3335 enirn
1105 3285 1179 3342 me·

188 3393 271 3446 rum
308 3379 350 3445 et
383 3367 881 3471 recommendationem,
917 3387 960 3452 ut
983 3374 1031 3458 eb
1054 3401 1099 3456 eo
1116 3401 1176 3451 re-

189 3483 378 3564 centiores
404 3484 523 3566 nostri
563 3486 618 3566 rei
659 3486 800 3572 critices
835 3491 947 3591 periti
979 3491 1177 3571 didiscisse

184 3601 380 3705 jactitent,
404 3602 550 3687 artibus
564 3605 742 3690 omnibus
764 3607 910 3708 justum
934 3621 973 3684 et
1003 3633 1175 3688 necesse-

187 3717 284 3798 riern
308 3745 482 3804 normam
494 3719 682 3814 dedisset,
703 3718 798 3804 uum
829 3721 906 3800 ullo
944 3721 1027 3802 lieri
1050 3740 1177 3828 posset
