2932 4722
654 285 671 356 l

169 411 250 480 tum
269 401 480 502 sitnullam
504 404 543 480 in
575 402 690 482 rebus
708 429 790 484 esse
820 427 929 508 posse
961 404 1156 482 certitudi-
1245 469 1247 479 ,

165 541 254 633 pem
268 519 372 622 ,nisi
393 545 454 598 res
467 519 515 594 ad
541 515 657 596 Idaeas
680 520 880 608 reduxeris
898 577 907 608 ,
924 531 992 596 aut
1009 545 1073 598 eas
1096 520 1158 599 da

164 638 441 714 monstraveris
455 637 1158 736 inldaaiscontineri.Quisautemcom·
1200 671 1204 680 ·

169 778 324 829 munem
343 754 453 831 Idaeis
476 767 515 832 et
540 745 655 834 rebus
673 803 690 844 ,v
711 754 929 833 necessario
953 767 993 832 et
1010 754 1158 832 contin

167 871 272 970 genti
296 896 515 978 mensuram
547 898 719 976 quaerere
751 872 922 952 audeat‘.l
953 874 1075 966 Quam
1104 872 1159 947 irr

167 985 280 1062 venit·
291 987 631 1090 Peripateticorum
649 989 853 1094 Princeps,
875 984 968 1063 dir-m
989 985 1160 1089 syllogis-

136 1105 280 1178 'mum
297 1105 489 1193 condidit,
519 1107 628 1208 quasi
657 1119 812 1209 pontem
841 1129 983 1207 quoex
1011 1102 1164 1180 univer·

170 1218 240 1295 sali
253 1221 301 1295 ad
329 1222 562 1324 particulare
580 1281 589 1311 ,
607 1223 794 1324 rejunctis
811 1247 908 1324 quas
933 1221 1039 1297 Plato
1070 1220 1166 1296 divi<

151 1415 155 1424 ,
175 1349 278 1448 serat
291 1339 399 1440 ripis,
416 1352 563 1418 mentes
576 1339 885 1418 traducerentur.
903 1337 975 1414 Sed
987 1364 1054 1438 per
1065 1338 1167 1438 ipsos

122 1481 126 1488 ·
170 1452 458 1557 Analyticorum
473 1455 615 1544 libros,
632 1456 735 1558 quod
746 1454 1071 1558 praesumpsimus,
1085 1454 1167 1553 jam

173 1571 367 1674 explanari
381 1571 471 1648 licet
494 1599 537 1648 ac
552 1572 809 1675 comprobari.
858 1637 860 1644 .

209 1687 302 1760 ‘llas
340 1686 433 1762 mihi
477 1687 645 1766 volventi
684 1687 843 1788 paginas
886 1683 1027 1790 quibus
1069 1683 1170 1762 illus·
1236 1717 1239 1724 ·

174 1802 325 1882 trandis
351 1816 408 1881 tot
438 1817 477 1880 et
498 1805 595 1881 tanti
618 1805 692 1880 viri
721 1805 1144 1907 vitam·inpenderunt
1158 1861 1198 1888 ,.,

176 1947 247 1998 nec
283 1922 369 1998 ideo
401 1921 719 2007 illustraverunt,
756 1931 905 1996 certum
931 1921 985 1994 tid,
1015 1920 1170 2004 evenit,

177 2064 314 2142 nempe
338 2041 552 2115 ecaterioam
571 2033 724 2114 tantdm
751 2036 966 2114 doctrinam
989 2035 1172 2140 scriptam

178 2153 295 2230 luisse
310 2152 357 2228 ab
376 2151 581 2230 Aristotele
600 2165 663 2240 ,et
680 2152 926 2238 acroaticam,
948 2149 969 2226 ὸ
989 2152 1065 2251 qua
1083 2175 1173 2252 pen7

176 2269 244 2345 det
262 2269 341 2350 illa,
364 2275 434 2339 aut
451 2264 715 2358 absconditam
729 2263 787 2346 in.
800 2262 1013 2366 integrum,
1036 2277 1104 2344 aut
1121 2277 1175 2339 te·

178 2379 369 2472 nuissina,
393 2403 442 2478 ex
473 2388 583 2479 parte
623 2377 858 2454 reconditam
896 2376 1007 2480 nobis
1038 2378 1195 2480 luisse..

178 2493 441 2602 Animadverti
461 2490 667 2574 onimtirm
687 2495 727 2570 in
737 2493 948 2598 Analyticis
961 2496 1170 2597 prioribus,

179 2626 263 2690 tum
284 2612 324 2688 in
343 2609 621 2715 posterioribus
639 2671 649 2698 ,
679 2636 725 2686 ea
753 2611 894 2713 quibus
916 2623 1053 2688 caetera
1084 2637 1173 2688 eno-

178 2731 383 2817 darentur,
407 2730 456 2804 ad
474 2728 590 2805 finem
601 2741 641 2803 et
658 2727 790 2830 paucis
808 2728 960 2815 verbis,
982 2728 1092 2830 quasi
1112 2755 1173 2804 su-

179 2870 370 2950 pervacua
389 2855 429 2919 et
456 2841 571 2945 quam
591 2841 748 2932 minime
766 2841 1061 2944 conspicienda,
1083 2842 1174 2918 rele-

180 2969 268 3066 g'ata
286 2963 417 3038 luisse.
454 2958 514 3034 Sic
533 2959 652 3060 igitur
678 2955 879 3061 postqurim
904 2959 944 3033 in
964 2956 1174 3061 Analytieis

125 3173 130 3182 .
185 3067 378 3182 prioribus
404 3075 460 3150 de
492 3073 700 3177 syllogismi
720 3072 868 3174 liguris,
898 3072 1119 3148 inventione
1137 3085 1178 3148 et

188 3193 443 3298 potestatibus
472 3191 592 3268 multa
618 3191 659 3266 i'n
682 3188 874 3270 infinitum
894 3189 1086 3293 Stagyrita
1102 3187 1175 3267 dis-

186 3310 333 3398 seruit,
350 3309 521 3386 breviter
538 3308 579 3384 in
593 3309 772 3410 extremis
786 3307 920 3410 adjicit
937 3319 1093 3386 ceteras
1112 3331 1172 3383 ra·
1222 3313 1226 3320 '

187 3425 398 3504 tiocinandi
426 3427 567 3503 formas
597 3424 738 3529 quibus
757 3425 932 3512 interna,
970 3436 1014 3516 ut
1037 3423 1095 3502 ita
1115 3423 1183 3499 :di-w

186 3569 269 3624 eam
282 3531 514 3648 ,syllogismi
533 3556 671 3652 natura
698 3538 838 3620 clariirs
856 3540 1069 3644 explicatur
1086 3569 1095 3626 ;
1112 3565 1175 3641 pa-

187 3661 284 3738 riter
303 3661 341 3738 in
367 3660 769 3760 cxituAnalyticorum
788 3655 1063 3760 posterirorum
1087 3649 1176 3731 oiim
