2932 4722
699 339 741 401 ‘28

229 463 457 554 potuerunt,
481 462 548 526 aut
566 449 811 538 debuerunt,
833 447 1014 526 dicendas
1034 475 1224 526 commen-

228 566 1226 669 datrlnimadvertasetiampraetereundovelimcon-

226 687 374 763 tinuam
388 685 487 762 hanc
506 685 709 762 necessarii
729 697 768 762 et
785 685 1005 764 verisimilis
1024 685 1228 765 diversitass
1298 675 1299 678 ¹

228 818 304 881 tem
328 833 413 908 quae
440 805 644 882 necessarii
672 817 712 882 et
736 805 994 908 contingentis
1016 804 1224 909 syllogismi

215 922 463 1016 discrimini,
493 921 533 999 id
558 935 617 1000 est
641 922 921 1028 analyticorum
942 936 982 1001 et
1008 923 1240 1026 topicorum

228 1030 336 1118 libris
366 1041 585 1144 respondet.
621 1047 729 1121 Nunc
766 1040 858 1122 veri)
891 1070 1074 1120 arcanum
1107 1043 1225 1119 totius

228 1159 387 1262 hujusce
398 1159 581 1237 doctrinae
594 1161 642 1236 ab
657 1158 947 1263 ipsoAristotele
953 1162 1071 1264 pandi
1086 1159 1223 1237 intelli-

226 1303 311 1379 gas;
334 1303 423 1354 nam
449 1277 640 1380 quomodo
669 1278 770 1354 inter
791 1303 832 1354 se
849 1277 1010 1354 historia
1037 1290 1078 1353 et
1099 1278 1224 1380 poesis

230 1393 408 1472 dillerant
438 1392 532 1472 ditm
556 1393 579 1472 a
601 1395 806 1499 semetipso
828 1407 935 1501 petat
960 1395 1225 1499 Peripatetico-

229 1538 316 1587 rum
339 1511 531 1615 princeps,
556 1539 634 1589 non
647 1513 823 1592 versibus
836 1512 987 1597 tantiam
1002 1513 1069 1590 sed
1087 1535 1129 1588 re
1143 1512 1225 1612 ipsa

226 1627 339 1731 longis
348 1630 492 1734 poesim
503 1628 729 1708 antecellere
739 1631 921 1708 declarat.
935 1630 1112 1707 Historici
1123 1629 1226 1705 enim

232 1774 317 1849 qnae
336 1762 568 1839 evenerunt,
591 1762 712 1852 poetae
730 1777 817 1854 quae
834 1749 990 1828 evenire
1013 1761 1081 1826 aut
1099 1759 1228 1850 potue·

231 1879 324 1942 runt
343 1880 412 1944 aut
429 1867 671 1957 debuerunt,
688 1866 955 1958 conscribunt;
971 1868 1096 1970 poesis
1109 1865 1228 1967 igitur

230 1981 430 2058 historiam
439 1983 627 2084 gravitate
640 1995 679 2059 et
692 1974 864 2060 moribus
878 1981 1043 2060 multum
1054 1993 1224 2084 superat;

232 2095 308 2176 imd
340 2098 485 2201 poesim
513 2099 563 2176 ad
588 2098 843 2188 universalia,
861 2098 1068 2174 ‘historiam
1096 2108 1226 2171 autem

233 2217 283 2295 ad
310 2217 558 2320 particularia
588 2217 765 2294 tendere·
783 2216 947 2319 propriis
983 2217 1065 2315 ipse
1099 2211 1230 2289 verbis

233 2334 455 2412 Aristoteles
468 2334 642 2410 tradidit.
659 2335 792 2410 Poetas
806 2357 911 2432 ergo,
928 2331 966 2407 si*
975 2330 1229 2435 satyricorum

232 2473 353 2550 genus
376 2447 565 2546 excipiaS‚
587 2443 757 2546 primirm
779 2443 1037 2538 universalem
1061 2445 1231 2548 'aliquam

235 2563 404 2642 fabulam
422 2581 624 2639 conserere
646 2573 820 2664 oportet,
835 2563 1168 2647 cuimoxnomina
1187 2590 1233 2638 ex

234 2681 414 2771 historia,
445 2676 546 2758 idest
563 2678 583 2757 ὲ
603 2680 828 2784 particulari
850 2695 1004 2785 sumpta
1032 2693 1228 2786 aptentur.

235 2799 397 2903 Insignis
416 2799 534 2876 etiam
557 2800 715 2903 quidam
733 2813 1034 2900 pergraecorum
1053 2826 1119 2877 ora
1137 2799 1229 2876 sere-

234 2921 351 2998 batur
369 2917 538 3020 tragicus
555 2916 717 3017 Agatho,
731 2916 800 3015 qui
810 2907 1023 3016 tragoedias
1040 2917 1139 2995 fictis
1153 2927 1229 2994 om-

236 3035 327 3116 nind
346 3050 386 3116 ct
403 3037 520 3115 rebus
533 3046 572 3111 et
596 3030 816 3108 nominibus
835 3039 1116 3135 composuerat.
1132 3035 1227 3109 Nam

234 3169 280 3234 ut
292 3167 404 3258 poeta
422 3179 463 3230 se
481 3147 620 3227 fabulae
638 3149 759 3250 magis
774 3146 890 3254 quam
904 3147 1119 3226 carminum
1140 3176 1228 3226 auc-

236 3287 359 3352 torem
385 3279 559 3372 praestet‚
598 3266 780 3369 'magister
801 3268 882 3371 ipse
904 3267 1097 3345 hortatur.
1132 3265 1227 3344 Cirm

237 3386 331 3470 vert
360 3384 498 3463 fabulae
516 3397 555 3462 et
574 3385 741 3464 actiones
768 3399 836 3466 aut
853 3384 1045 3489 simplices
1065 3387 1143 3464 sint
1165 3398 1232 3461 aut

239 3505 435 3611 implexae,
469 3505 839 3610 simplicestaudat,
860 3505 1026 3610 episodis
1053 3515 1231 3582 consutas

242 3623 456 3728 vituperat,
477 3623 658 3728 implexas
677 3622 731 3704 ita
749 3622 849 3702 necti
864 3623 977 3727 jubet
1002 3635 1046 3699 ut
1064 3619 1234 3724 acciden-

243 3744 295 3820 tia
314 3744 387 3823 alia
413 3743 496 3822 aliis
515 3734 728 3823 necessarit
750 3743 958 3834 contineri,
985 3741 1058 3820 alia
1077 3768 1123 3817 ex
1149 3739 1233 3814 aliis
