2932 4722
665 319 706 380 33

200 430 301 506 nerit
318 427 562 516 Aristoteles,
579 438 618 528 ct
632 442 857 530 argumenta
878 431 1052 534 quadam
1073 433 1194 534 poetis

205 547 366 624 adversa
393 544 674 632 confutaverit,
697 571 865 650 gravem
891 548 1046 626 tandem
1064 545 1197 653 'quaes‘

205 653 346 742 tionem
361 661 383 739 ir
401 662 559 746 Platone
569 664 650 764 jam
668 664 708 738 in
728 664 958 768 Reipublicae
980 692 1057 744 suae
1085 665 1197 744 collo-

206 781 308 883 quiis
334 780 517 884 agitatam
542 794 693 868 movet,
717 781 889 886 petitque
909 807 1085 886 quaenam
1109 783 1197 886 plus

206 896 360 974 valcant
372 896 556 986 earmina,
569 898 761 999 tragicave
777 899 1198 1003 an-cpica.Platonicam

206 1009 298 1090 verb
328 1013 400 1090 bac
437 1011 484 1090 de
520 1038 562 1090 re
600 1013 845 1115 opinionem,
874 1031 918 1092 ut
947 1017 1080 1105 aiunt,
1121 1039 1197 1092 non

204 1127 282 1204 tim
311 1127 502 1216 refellere,
535 1126 650 1232 quiam
676 1130 842 1208 Platonis
882 1132 1002 1236 ipsius
1030 1157 1197 1210 commu-

204 1241 268 1319 nia
286 1242 474 1348 principia
487 1243 714 1322 confirmare
733 1247 827 1324 mibi
847 1244 1005 1349 prorsuis
1024 1245 1192 1325 videtur.

204 1359 439 1460 Tragoediam
459 1360 581 1448 enim,
610 1361 799 1464 quidquid
818 1389 862 1438 ea
882 1363 932 1440 sit
940 1387 1009 1465 per
1032 1388 1094 1450 se,
1118 1387 1192 1438 non

204 1475 299 1578 quid
325 1477 365 1554 in
391 1477 701 1581 degeneriaetata
719 1479 999 1582 per'lasciviam
1019 1492 1196 1582 gestuum

205 1605 453 1697 actorumque
466 1595 678 1684 devenerit,
693 1597 870 1684 intuitus,
884 1623 961 1673 non
971 1593 1096 1675 solnm
1109 1597 1194 1671 bre-

206 1710 392 1801 vioribus,
413 1712 667 1815 pressioribus
678 1739 721 1790 ac
734 1711 1057 1814 splendidioribus
1072 1712 1197 1789 modis

205 1853 335 1916 usam,
357 1827 425 1904 sed
443 1825 564 1908 tutids
584 1830 796 1931 praesertim
816 1829 864 1905 ad
884 1829 1085 1916 unitatem,
1110 1855 1196 1931 quae

207 1944 485 2024 universalium
501 1959 539 2023 et
560 1947 623 2026 via
641 1958 681 2023 et
698 1947 851 2049 signum
864 1959 903 2024 et
921 1946 1008 2024 finis
1021 1959 1097 2034 est,
1116 1959 1196 2021 ten-

206 2058 360 2138 dentem
382 2059 509 2138 acriirs
528 2061 732 2140 collaudat.

257 2176 321 2254 llis
341 2176 394 2254 ita
413 2179 633 2256 summatim
656 2177 874 2266 delineatis‚
898 2179 1038 2280 quibus
1059 2191 1097 2254 et
1120 2205 1197 2254 om-

208 2319 295 2372 nem
308 2293 538 2398 impendisse
549 2293 666 2374 vitam
681 2295 744 2370 vix
754 2297 845 2376 satis
855 2308 967 2384 esset,
982 2294 1193 2398 principiis,

210 2411 249 2488 id
259 2409 495 2514 postremum
511 2411 720 2501 constabit,
734 2410 899 2490 multdm
914 2413 1100 2490 erravisse
1114 2411 1200 2488 illos

205 2529 464 2606 recentiorum
479 2539 698 2604 nostrorum
712 2527 927 2629 complures
942 2523 1041 2628 ,'qui
1055 2529 1197 2604 Aristo·

207 2643 323 2720 telem
350 2641 898 2746 universaliaparticularibus
938 2642 1198 2747 postposuisse

207 2775 248 2840 et
272 2759 491 2864 probavisse
518 2761 745 2839 docuerunt.
777 2763 1005 2865 Quanquam
1031 2762 1133 2840 enim
1153 2789 1198 2840 ea

212 2877 443 2958 sitomnium
456 2875 571 2979 vulgi)
589 2877 829 2956 audientium
839 2879 967 2982 opinio
982 2939 990 2967 ‚
1008 2905 1076 2981 pro
1096 2891 1199 2955 certo

212 2994 344 3074 contra
362 2995 469 3074 lacile
487 2996 713 3074 babebimus
730 2997 960 3098 Stagyritam
979 3021 1129 3097 semper
1151 2997 1202 3072 ab

213 3113 419 3193 universali
433 3115 482 3191 ad
501 3115 746 3218 particularia
767 3128 805 3190 et
819 3137 1062 3217 progressum
1084 3113 1199 3191 luisse

211 3243 251 3308 et
268 3245 491 3310 caeterorum
505 3232 703 3310 hominum
732 3229 878 3310 montes
894 3231 1104 3334 perducere
1134 3257 1198 3308 vo-

159 3337 164 3346 ⁵
210 3347 340 3428 luisse.
370 3350 621 3429 Consentiunt
650 3363 789 3428 nostrae
817 3376 971 3453 quoque
998 3352 1197 3428 sententiae

209 3467 417 3569 antiquitas
449 3465 546 3571 pene
572 3468 720 3554 omnis,
745 3480 783 3542 et
812 3468 1021 3570 praesertim
1045 3470 1193 3544 Marcus

209 3581 272 3657 ille
290 3582 461 3690 Tullius,
472 3590 594 3684 graeca
608 3582 672 3659 illa
685 3585 941 3660 Romanorum
957 3582 1197 3682 ingeniorum

210 3702 275 3778 lux
291 3762 298 3792 ,
317 3702 383 3804 qui
404 3700 560 3804 quidem
574 3703 612 3776 io
623 3699 839 3778 Academicis
853 3698 1102 3801 procationibus
1116 3699 1201 3776 doc-
