2932 4722
192 483 231 559 in
251 483 443 560 rhetorice
463 482 682 588 praecipuae,
704 499 893 586 paresque
906 481 1108 587 praecipuis
1134 481 1186 558 lo-

197 602 299 736 gipes
331 599 482 679 duobus
502 597 762 703 argumentis,
792 595 995 674 methodi:
1024 623 1187 704 quarum

190 719 329 822 cuique
349 721 408 796 sui
428 730 616 808 oratores,
632 743 703 796 sua
721 715 860 805 dictio,
883 727 953 795 sua
965 725 1121 820 tropaea
1138 719 1186 794 Ut

191 833 283 913 verb
302 835 549 940 syllogismis,
572 831 825 916 nobilioribus
844 833 1074 925 ratiociniis,
1095 831 1186 942 logi-

192 979 262 1030 cen
294 977 470 1042 omnem‚
503 954 557 1032 ite
588 967 628 1031 et
659 939 1028 1058 enthymematibus,
1057 952 1189 1030 eadem

193 1071 241 1148 de
268 1073 406 1162 causa,
434 1072 655 1150 rhetoricen
684 1069 921 1149 consecravit
905 1060 1185 1150 tAristoteles.

189 1188 315 1283 Quare
333 1215 466 1276 eorum
486 1188 655 1292 primum
675 1190 841 1291 origines
863 1185 1039 1264 accurate
1058 1215 1185 1294 prose-

192 1319 324 1394 cutus,
341 1318 409 1382 aut
426 1305 447 1380 ὲ
465 1305 557 1384 locis
576 1305 761 1410 propriis,
784 1315 852 1381 aut
879 1302 901 1380 b
920 1281 1188 1385 communibus

190 1421 353 1500 conduci
377 1420 557 1500 ostendit.
582 1423 830 1526 Propriorum
862 1433 991 1500 autem
1016 1420 1187 1528 locorum

190 1538 276 1615 icus
288 1537 441 1641 triplex.
458 1541 510 1614 Ex
523 1561 569 1615 eo
587 1539 690 1614 enim
708 1534 812 1642 qubd
830 1537 881 1614 sit
899 1536 1053 1643 auditor
1070 1539 1189 1618 trium

193 1677 392 1759 generum,
427 1653 586 1734 audiens
616 1653 755 1762 nempd
792 1654 840 1736 dc
863 1643 1005 1756 iuturo'
1020 1656 1189 1762 quodam

194 1771 298 1877 quod
310 1771 586 1876 rempublicam
597 1785 743 1861 movet,
761 1771 921 1850 audiens
935 1769 982 1850 de
994 1773 1189 1878 praeterito

194 1889 298 1995 quod
311 1915 418 1967 noxae
428 1888 515 1980 luit,
532 1887 750 1966 audiensde
761 1889 939 1994 praesenti
949 1889 1055 1998 quod
1068 1890 1116 1967 ad
1126 1916 1190 1967 vo·

193 2009 381 2112 luptatcm
401 2021 468 2086 aut
490 2005 688 2087 scientiam
716 2005 875 2096 attinet,
899 2004 1115 2086 necessarii)
1132 2033 1190 2086 se-

194 2125 342 2227 quitur,
358 2125 807 2227 trianumerarigenera,
821 2150 958 2230 nempe
942 2121 1190 2204 deliberati-

191 2253 302 2327 ¹vum,
312 2241 591 2338 judicativum,
607 2253 657 2310 et
675 2239 1050 2318 demonstrativum
1039 2267 1080 2318 lu
1104 2241 1188 2346 qul·

193 2353 268 2428 bus
285 2350 442 2455 propria
459 2349 562 2440 loca,
587 2343 1039 2462 idestvariasorigines,
1061 2355 1188 2435 varios

195 2465 488 2570 enthymematis
507 2491 601 2542 usus
620 2465 792 2580 reperire
811 2481 882 2544 est
1004 2481 1007 2488 ’

243 2585 326 2657 lam
345 2577 436 2656 verb
457 2579 669 2692 intelligere
686 2580 742 2656 las
762 2594 839 2693 est,
862 2597 1007 2660 certam
1026 2613 1109 2664 esse
1129 2616 1186 2664 ra-

193 2695 402 2773 tiocinandi
422 2695 603 2783 sormam,
630 2721 715 2798 quae
740 2686 880 2802 cuique
905 2699 1023 2775 trium
1049 2700 1188 2780 horum

191 2838 377 2917 generum
390 2811 527 2890 melibs
541 2825 709 2917 aptetur.
730 2817 823 2893 Nam
838 2841 870 2892 sr
859 2816 1038 2896 '‘media
1027 2847 1067 2898 an
1087 2821 1183 2900 mul-

191 2929 358 3007 titudine
389 2928 471 3006 lieri
500 2927 647 3006 soleant
670 2917 988 3026 deliberationes,
1014 2939 1186 3047 exemplo

192 3045 321 3151 potitis
351 3048 536 3124 utendum
571 3062 652 3138 cst,
681 3050 818 3127 idonea
850 3055 1117 3154 ignorantibus
1148 3073 1187 3134 et
1298 3149 1306 3162 ι

191 3163 413 3269 particulari
458 3164 768 3244 incumbentibus
797 3167 932 3272 ligura.
964 3172 1002 3250 Si
1035 3173 1186 3282 judices

193 3281 327 3358 eontra
348 3281 369 3358 d
387 3280 623 3361 doctioribus
642 3295 682 3361 et
699 3285 864 3389 quodam
888 3289 1075 3401 intellect
1042 3304 1104 3371 tus
1122 3292 1187 3372 ha-

132 3417 136 3426 ·
192 3397 278 3474 bitu
297 3397 513 3501 conspicuis
527 3399 619 3478 viris
638 3399 747 3479 electi
765 3403 925 3495 luerint,
942 3419 1035 3486 tunc
1046 3410 1187 3516 ,-enthy

193 3527 359 3594 memata
373 3523 574 3596 connectes
585 3520 733 3624 ,magis
748 3521 796 3598 ad
815 3539 961 3636 mentes
981 3529 1187 3610 movendas

195 3632 310 3738 qudm
342 3633 391 3711 ad
420 3637 689 3738 percutiendos
719 3629 856 3719 seusus
884 3644 1050 3720 valentia
1076 3671 1186 3748 argu-

196 3762 335 3826 menta.
369 3751 477 3862 Qubd
497 3752 527 3828 si
549 3755 702 3832 tandem
722 3770 789 3833 aut
807 3758 995 3836 virtutum
1026 3773 1093 3838 aut
1124 3763 1185 3840 hc-
