2932 4722
807 345 827 405 4

311 453 399 541 dia,
418 465 494 539 tot,
518 477 586 554 per
603 451 801 528 hominum
821 451 1151 532 confabulationes
1171 515 1179 544 ,
1199 457 1306 559 jocos

310 571 508 648 suscitavit
540 569 803 674 syllogismus,
827 571 927 647 idem
955 596 1105 649 summo
1125 574 1218 650 mihi
1242 575 1307 650 ho·

309 701 452 766 noreet
471 689 617 790 poetica
631 689 745 763 etiam
766 673 905 766 corona
925 691 1177 792 praecinctus,
1201 693 1302 771 vide-

308 821 387 882 tur.
408 811 501 885 Nam
520 803 551 883 si
571 807 776 883 verborum
806 808 997 886 insolitam
1026 809 1301 888 obscuritatem

309 920 597 1026 penetraveris,
632 929 670 999 et
698 925 934 1027 superiorem
973 926 1093 1028 ipsam
1129 928 1303 1003 idearum

307 1040 521 1118 realitatem
542 1043 741 1143 concipere
764 1039 875 1143 plane
896 1042 1089 1145 potueris,
1125 1044 1164 1119 in
1184 1045 1303 1147 philo-

307 1157 515 1260 sophorum
552 1157 736 1234 doctrinis
765 1155 825 1232 vel
849 1155 870 1232 ὲ
896 1171 1029 1234 nostro
1061 1157 1133 1234 hoc
1158 1159 1302 1237 furenti

305 1303 435 1354 rerum
456 1277 618 1379 strepitu
639 1275 917 1364 remotissimis,
944 1277 1181 1378 patheticum
1201 1277 1300 1381 saepe

305 1396 499 1497 quoddam
514 1408 552 1472 et
571 1395 722 1498 epicum
741 1394 789 1470 de
815 1394 985 1472 humana
1003 1395 1212 1499 divinaque
1233 1423 1300 1472 na-

305 1516 393 1588 tura
412 1539 567 1589 carmen
588 1513 776 1590 invenies.

358 1629 552 1707 Platonem
591 1630 692 1705 inter
722 1641 761 1704 et
791 1625 1034 1705 Aristotelem
1066 1631 1300 1710 recentiores

303 1751 425 1825 nostri
444 1748 692 1854 philosophiae
710 1746 967 1850 disputatores
987 1748 1192 1825 discrimen
1219 1776 1297 1826 ma·

303 1868 464 1954 ximum,
487 1880 526 1942 et
540 1863 819 1968 implacabilem
832 1861 952 1938 ferme
962 1891 1130 1966 pugnam
1145 1890 1227 1942 esse
1246 1867 1300 1941 al·

302 1991 556 2072 firmaverunt
572 2021 579 2067 2
599 1991 740 2094 quibus
756 1991 786 2066 si
801 1989 915 2066 fidem
930 1989 1153 2068 adhibueris
1171 2050 1179 2081 ‚
1202 1992 1299 2068 nihil

300 2110 405 2187 aliud
424 2139 471 2188 ex
489 2109 691 2187 Academia
723 2108 902 2209 Princeps
930 2109 1293 2211 Peripateticorum,

299 2254 369 2330 per
387 2229 524 2330 viginti
564 2253 753 2300 annorum
785 2224 940 2311 studia,
970 2223 1192 2317 retulisset,
1224 2230 1292 2306 nisi

298 2343 508 2440 Academia
528 2340 723 2418 fastidium
744 2365 787 2418 ac
807 2337 1120 2442 despicationem.
1150 2344 1292 2421 Doctri-

297 2485 355 2538 uae
375 2469 504 2538 autem
528 2457 688 2534 materia
707 2453 834 2559 potius
861 2467 900 2531 et
925 2456 1031 2546 ritu,
1054 2457 1168 2560 quiam
1188 2461 1292 2562 prin·

296 2577 421 2679 cipiis,
437 2575 741 2681 condiscipulos
763 2574 930 2652 Platonis
945 2588 984 2652 et
1001 2574 1214 2654 Aristotelis
1235 2577 1293 2654 in-

296 2709 355 2772 ter
376 2723 416 2774 se
438 2755 448 2784 ,
471 2696 537 2774 sed
555 2695 751 2772 Platonem
771 2694 898 2798 ipsum
917 2707 956 2772 et
973 2691 1217 2772 Aristotelem
1236 2695 1293 2772 di-.

296 2812 375 2891 vidi
393 2813 517 2892 dicam
532 2844 540 2902 ;
564 2826 602 2890 et
616 2813 689 2889 hoc
703 2811 860 2914 quidem
875 2807 1025 2888 iaeiliirs
1043 2811 1259 2915 perciperes
1277 2873 1287 2902 ,

295 2929 367 3008 nisi
392 2928 629 3033 magistrales
648 2926 736 3003 libri
773 2951 820 3004 ex
845 2923 1089 3004 alumnorum
1114 2929 1292 3006 manibus

294 3049 486 3127 emendati
517 3061 584 3126 aut
607 3041 827 3148 amplificati
846 3040 1074 3145 prodierint.

346 3169 447 3262 Quid
471 3165 562 3245 verb
594 3161 820 3267 quaerehant
847 3159 1084 3263 antiquiores
1115 3159 1290 3262 illi‘Grae-

294 3285 360 3360 ciae
379 3279 595 3388 philosophi
611 3279 629 3354 l
643 3306 772 3357 rerum
785 3277 964 3357 videlicet
974 3276 1177 3384 principia.
1191 3279 1289 3372 Qua-

293 3431 379 3482 rum
400 3415 529 3480 autem
548 3413 587 3478 et
610 3398 727 3490 unde,
744 3393 879 3476 rursirs
893 3393 1175 3501 interrogabis?
1194 3396 1284 3474 visi-

291 3521 427 3600 bilium
453 3520 624 3598 omnium
650 3547 697 3596 ex
716 3518 807 3622 ipsis
826 3512 1060 3600 visibilibus,
1083 3509 1191 3614 aeque
1210 3537 1289 3590 res·

291 3642 460 3743 pondere
490 3641 586 3718 mihi
605 3638 751 3717 videor.
783 3631 917 3708 Thales
937 3627 1067 3718 enim,
1093 3627 1286 3708 laniorum

288 3758 465 3861 princeps
481 3819 488 3849 ,
507 3752 610 3860 quod
624 3749 755 3827 orbem
775 3774 821 3825 ex
840 3749 940 3850 aqua
957 3745 1104 3825 editum
1120 3746 1284 3825 tradide-

1455 1797 1465 2239 l

1458 2535 1463 2640 ³
