2938 4724
158 405 320 482 busdam
351 408 577 510 praeteritis,
607 407 766 511 jungit,
802 419 840 487 et
876 409 1051 511 expedita
1084 409 1155 486 bac

160 524 408 601 contentione
432 539 578 603 mentes
605 533 766 602 recreat.
1093 623 1096 631 ,

212 646 348 718 Natum
380 629 407 718 d
433 643 669 721 carminibus
702 642 917 745 pedestrem
943 668 1158 720 sermonem

159 762 340 864 magister
354 763 393 838 in
413 762 614 840 Rhetorice
633 760 743 839 facilia
762 761 950 852 declarat3
975 787 1063 836 nam
1083 762 1159 836 elo·

159 879 326 982 quentiae
339 906 520 958 numeros
535 879 699 956 musices
713 878 913 982 cujusdam
924 879 1056 954 metris
1070 879 1155 955 sub-

156 997 263 1098 jicit,
290 1024 375 1100 quae
394 983 550 1101 quidem
564 999 746 1076 Isocrates
761 996 994 1102 politissimis
1016 995 1055 1070 in
1069 1020 1157 1072 con-

160 1114 350 1208 cionibus,
371 1115 576 1220 Dionysius
596 1127 724 1192 autem
744 1113 1097 1218 Halycarnassensis
1119 1114 1156 1189 in

160 1229 313 1307 laudato
324 1231 438 1308 nimis
448 1232 491 1306 de
503 1231 760 1334 Compositiooe
769 1231 963 1310 Verborum
973 1243 1154 1320 tractatu,

159 1371 288 1449 aequos
300 1345 401 1440 ultrb
419 1345 513 1424 fines
533 1349 800 1450 porrexerunt.
817 1345 996 1422 Periodos
1011 1346 1177 1422 etiamd·

160 1463 326 1565 strophis
345 1464 555 1566 lyricorum
575 1464 783 1554 deductas,
809 1464 1004 1543 veteribus
1031 1464 1156 1568 dithy-

160 1567 418 1657 rambicorum
452 1593 636 1658 cantuum
659 1582 839 1670 ooobolis,
869 1581 1073 1678 sucessisse
1101 1608 1159 1657 ra-

160 1712 244 1774 tum
256 1695 468 1773 seexhibet.
486 1695 632 1774 Poesim
653 1697 772 1798 igitur
789 1710 826 1774 et
842 1697 1104 1800 temporibus,
1122 1712 1161 1776 et

160 1815 356 1916 exemplis,
373 1826 412 1891 et
425 1814 557 1910 divinia
570 1813 797 1892 universalis
812 1814 1156 1916 communicatione

162 1929 327 2034 priorem
355 1931 532 2009 aestimat.
558 1933 600 2006 ln
627 1930 794 2034 pedestri
827 1929 919 2028 verb
951 1955 1153 2020 sermone,

164 2049 227 2150 qui
269 2047 527 2151 opinabilibus
559 2049 679 2151 magis
712 2047 1046 2135 accommodatur,
1075 2073 1158 2149 pro-

163 2165 358 2240 nuntiatas
378 2164 570 2239 orationes
598 2163 620 2238 al
649 2163 801 2239 chartis·
818 2162 969 2262 scriptis
994 2161 1155 2249 dividit;

160 2278 304 2380 primas
330 2288 459 2350 autem
483 2274 681 2350 allectibus
707 2275 934 2378 (παθητικὸν),
970 2274 1156 2352 secundas

160 2394 333 2472 moribus
354 2391 461 2496 (ἦθος)
485 2391 506 2466 b
532 2393 823 2494 particularium
842 2418 974 2470 rerum
994 2394 1158 2472 vinculis

161 2510 308 2588 solvere
336 2507 486 2586 nititur.
516 2506 771 2582 Imitationem
791 2531 894 2581 nunc
922 2509 1049 2597 illam,
1073 2539 1157 2612 quaa

162 2626 202 2699 in
219 2622 395 2701 sensibus
423 2635 502 2700 tota
528 2621 788 2708 consumitur,
817 2619 1016 2698 hominum
1039 2626 1161 2702 vanis.

163 2742 248 2819 simi
276 2742 477 2843 jactitent‘3
507 2739 618 2817 nobis
639 2741 720 2843 jam
747 2738 1035 2846 demonstratur
1061 2741 1159 2816 banc

163 2856 258 2934 adeb
282 2858 321 2932 in
340 2856 543 2934 Aristotele
562 2883 640 2934 non
665 2857 853 2946 inveniri,
876 2870 921 2934 ut
938 2857 1072 2935 contrd
1091 2885 1161 2962 per

166 2976 417 3052 imitationem
437 3001 515 3053 non
529 2975 634 3078 quod
652 2987 801 3053 naturae
815 2974 1071 3065 assimilatur,
1096 2978 1163 3054 sed

164 3094 267 3198 quod
291 3093 313 3170 ir
336 3095 475 3170 natura
500 3092 733 3194 discernitur
750 3091 991 3194 Peripatetici
1019 3094 1161 3172 intelle-

48 3267 52 3277 ·
165 3212 266 3288 xisse
280 3212 499 3290 videantur.
782 3305 786 3312 Ν,

215 3329 399 3432 Sequitur
417 3331 468 3405 de
481 3329 589 3432 epico
610 3327 779 3406 carmine
794 3388 803 3419 ‚
821 3330 1096 3436 quodquidam
1117 3331 1156 3408 in

163 3446 278 3522 linem
303 3446 417 3522 unius
438 3445 598 3548 hujusce
619 3448 857 3552 poeticorum
877 3445 1064 3526 librorum
1097 3476 1158 3524 su·

48 3658 51 3669 .
159 3563 329 3666 perstitis
347 3622 355 3652 ‚
372 3565 479 3640 certa
493 3563 540 3640 de
553 3567 669 3641 causa
681 3562 904 3643 Aristoteles
919 3562 1152 3643 amandavit.

45 3685 51 3729 ¹
160 3682 252 3756 Nam
277 3679 316 3755 in
336 3677 488 3756 cociam
509 3680 670 3759 imitatio
689 3708 759 3786 per
782 3685 1040 3760 narrationem
1067 3677 1154 3768 fiat,
