2932 4722
17 219 21 376 l
451 345 456 354 ·
638 309 675 370 13

166 415 405 519 syllogismus
420 416 469 491 sit
482 414 774 503 demonstratio,
800 440 840 491 sc
860 415 907 490 dc
938 417 1159 520 syllogismo

165 532 276 636 priris
319 532 580 639 universalia,
613 532 881 637 posteriusque
917 534 964 610 de
992 535 1159 640 syllogis-

162 677 225 728 mO
251 650 554 728 *demonstrativo
584 649 812 755 (tralatum)
842 659 896 726 καὶ
926 654 1159 754 ἐπιςημόνικῳ)

163 769 414 870 particularia
433 769 551 848 verba
569 770 762 870 iacturum
782 795 879 848 esse.
901 773 993 846 Tres
1021 769 1158 848 verinn

163 898 255 961 sunt
277 887 400 962 omnis
426 886 635 990 syllogismi
667 887 822 962 termini
842 944 850 974 ,
867 895 1051 989 'quorum
1079 890 1158 989 'pri-

165 1027 249 1077 mus
269 1012 310 1076 et
329 1003 464 1079 tertius
483 1015 673 1081 vocantur
683 1002 846 1079 extremi
862 1061 869 1091 ,
892 1001 1161 1106 secundusque

164 1119 314 1196 medius
328 1120 556 1223 appellatum
572 1122 602 1197 si
615 1135 744 1196 autem
752 1123 887 1197 tertius
900 1121 1000 1197 inest
1013 1121 1153 1210 medio,

164 1235 195 1310 si
208 1235 368 1314 medius
379 1239 504 1340 primo
523 1299 532 1326 ‚
549 1235 916 1314 tertius-necessarii)
936 1237 1059 1339 primo
1074 1257 1166 1313 con-'

163 1345 342 1442 tinctor,
374 1368 413 1429 et
440 1354 484 1430 fit
504 1358 630 1456 primo
656 1354 867 1458 syllogismi
888 1354 1043 1455 figura,
1074 1383 1162 1456 quaa

164 1472 330 1572 perlecta
368 1499 520 1576 semper
539 1486 614 1561 est3
643 1475 673 1549 si
695 1474 843 1550 medius
876 1473 1009 1549 itidem
1033 1472 1159 1548 ambo-

162 1584 234 1663 bus
254 1588 434 1664 extremis
454 1589 703 1678 attribuitur,
724 1589 842 1668 habes
859 1589 1048 1665 secundam
1068 1588 1160 1690 lign-

162 1731 244 1778 ram
265 1733 350 1807 quse
369 1709 469 1810 parit
484 1709 691 1810 quamdam
713 1709 943 1810 analogiam,
963 1721 1009 1808 et
1024 1719 1158 1782 manet

17 1921 18 1924 Ἴ
163 1821 324 1923 proinde
356 1849 507 1926 semper
538 1824 778 1927 imperleota3
817 1826 847 1901 si
868 1825 998 1899 medio
1030 1837 1158 1900 autem

17 1955 18 1972 ¹
75 2011 78 2036 Ἃ
164 1939 276 2016 ambo
292 1943 466 2017 ‘extremi
489 1942 775 2030 attribuuntur,
817 1947 960 2016 tertiam
992 1942 1159 2043 reperies

161 2055 322 2158 figuram
351 2061 467 2134 etiam
484 2061 770 2164 imperfectam.
797 2059 835 2136 Si
861 2073 937 2135 tres
971 2060 1154 2136 terminos

74 2259 76 2264 η
161 2175 351 2277 cuiusque
378 2177 519 2252 harum
554 2179 674 2252 trium
703 2177 916 2276 figurarum
947 2178 1113 2253 invicem
1142 2174 1162 2248 ὲ

75 2336 80 2400 3
163 2288 388 2365 necessariis
399 2311 420 2374 ,³
430 2285 741 2386 contingentibus
756 2298 795 2361 et
809 2288 924 2386 meris
939 2289 1163 2391 propositio-

163 2406 278 2480 nibus
300 2405 584 2505 composueris,
611 2405 722 2480 istam
752 2405 922 2482 invenies
950 2407 1164 2484 multitudi-

75 2609 78 2614 Μ
162 2549 251 2597 nem
275 2520 586 2624 syllogismorum
607 2525 703 2626 quo's
728 2523 967 2614 scholastici,
990 2526 1167 2601 barbaris

77 2695 83 2742 3
163 2639 408 2728 nominibus,
430 2638 599 2741 felapton
615 2699 623 2728 ,
642 2639 819 2728 disemis,
842 2639 977 2728 datisi‚
994 2640 1135 2718 baroco
1155 2701 1163 2726 ‚

80 2851 83 2874 Ι
162 2758 382 2847 brocardo,v
405 2770 514 2833 etc...
542 2756 805 2858 designavere.
837 2761 889 2836 Ne
917 2785 987 2861 ego
1007 2759 1163 2863 quidem

80 2923 84 2942 ι
162 2874 288 2950 dicere
314 2873 437 2950 ausim
457 2896 502 2949 ex
529 2872 589 2950 his
613 2873 791 2950 omnihus
816 2875 1029 2955 innumeris
1050 2878 1163 2982 syllo-

81 3043 84 3089 3
162 2993 293 3095 gismis
307 2993 509 3071 veritatem
529 2991 636 3096 aeque
655 2991 815 3096 prodire
830 3023 839 3082 ;
852 2995 930 3070 sed
957 2996 1072 3097 hujus
1096 2997 1160 3072 ad·
1346 3087 1348 3090 ¹

78 3163 81 3204 f
163 3111 385 3188 monitionis
400 3136 569 3200 memor,
593 3115 670 3213 qua
688 3110 912 3189 ‘Aristoteles
931 3112 1050 3190 libros
1077 3141 1162 3216 ape·
1255 3109 1305 3182 Α.

78 3281 81 3320 2
161 3231 254 3320 ruit,
269 3255 338 3332 per
347 3229 416 3307 hos
424 3232 504 3332 jam
516 3226 1159 3335 sormamtantnmsyllogismorum
1181 3325 1183 3336 A

80 3392 86 3448 y
161 3344 424 3449 explanavisse
442 3360 530 3420 eum
550 3347 639 3448 jure
659 3344 944 3426 affirmaverim.
962 3349 1083 3440 Quam
1104 3363 1158 3424 ta·

77 3512 81 3556 1
161 3489 250 3539 men
279 3463 439 3540 formam
469 3463 517 3539 ab
542 3463 623 3567 ipsit
649 3491 690 3540 re
716 3464 930 3542 scholastici
952 3466 1072 3543 multa
1092 3493 1166 3568 per

73 3626 78 3703 y
161 3580 298 3658 saecula
327 3607 404 3657 non
424 3579 521 3657 bene
545 3581 636 3658 satis
663 3581 943 3661 discreverunt.

72 3745 75 3792 ,
215 3701 256 3774 ln
276 3712 440 3802 utroque
455 3699 741 3802 Analyticorum
762 3703 1015 3804 posteriorum
1039 3700 1152 3792 libro,
1171 3725 1173 3730 ·
