2932 4722
631 347 673 410 25

153 450 274 533 tiones
307 455 522 532 hominurn.
539 454 801 548 Quomodolsi
821 466 933 558 pocta
951 459 1146 534 narrantis

155 585 283 676 partes
303 569 502 677 nunquam
525 571 678 650 deserat
695 572 793 650 utin
807 571 1061 676 dithyrambis
1080 632 1089 661 ,
1112 575 1144 650 si

151 713 334 789 personas
355 685 490 766 contra
503 688 614 791 quasi
633 689 806 768 viventes
826 691 867 765 in
896 715 1055 767 scenam
1063 691 1145 769 abs-

149 806 328 884 conditus
360 805 665 910 ipseimmittat,
682 818 728 883 ut
755 807 796 882 in
819 805 1004 909 tregoedid
1023 819 1062 882 et
1089 833 1147 883 co·

150 923 308 1012 moedia,
339 923 371 1000 si
402 923 664 1001 narrationem
695 914 735 1001 et
763 924 951 1001 actionem
978 925 1147 1026 denique

152 1037 337 1128 misceat,
359 1051 404 1116 ut
414 1041 602 1118 Homerus
620 1040 730 1142 epico
756 1041 795 1116 in
814 1039 983 1116 carmine
1001 1039 1149 1142 peregit

153 1153 508 1232 excellentissimus.
533 1154 605 1231 Ubi
618 1151 710 1232 verd
741 1167 893 1232 teneras
906 1154 1044 1232 horum
1063 1181 1149 1257 poe-

154 1282 300 1346 matum
312 1271 479 1372 origines
502 1267 881 1373 tetigitdristoteles,
904 1270 944 1345 in
963 1271 1148 1371 tragoedid

153 1383 324 1490 primirm,
349 1398 540 1477 moratur,
575 1389 637 1464 cui
662 1398 862 1491 praecepta
898 1386 991 1475 det,
1020 1384 1144 1488 equa

151 1500 335 1604 tanquam
358 1499 379 1578 ὲ
399 1502 566 1605 perlecta
593 1503 713 1605 magis
736 1500 1059 1604 forma-exempla·
1077 1527 1147 1578 sua

153 1617 421 1720 deprehendit.
443 1621 569 1722 Ipsum
591 1621 712 1722 igitur¹
728 1619 849 1696 secuti
863 1619 957 1721 quid
971 1618 1149 1696 omnibus

153 1736 193 1811 in
221 1733 281 1812 his
315 1735 491 1839 partibus
520 1763 616 1839 quas
648 1737 765 1840 supra
800 1737 1064 1840 exposuinruS‚
1099 1736 1149 1814 ad

153 1852 384 1956 particulare
404 1865 573 1956 spectet,
601 1853 697 1956 quid
715 1854 763 1932 ad
778 1853 997 1934 universale
1014 1880 1148 1932 conve-

158 1971 238 2048 niat
256 1972 487 2051 dividamus
506 2030 512 2043 Ι

208 2091 445 2192 Tragoediam
474 2089 566 2169 vero
595 2091 935 2194 Peripateticorum
967 2091 1145 2194 princeps

155 2205 290 2282 delinit
307 2203 562 2279 imitationem
593 2209 755 2278 actionis
783 2208 930 2304 gravis,
959 2206 1146 2306 integrae,

151 2321 268 2424 justis
291 2329 449 2428 aequatae
476 2317 625 2408 modis,
660 2345 745 2422 quae
759 2318 961 2422 jucundo,
991 2320 1060 2397 sed
1087 2348 1148 2400 va-

156 2437 214 2513 rio
232 2427 350 2515 variis
368 2435 408 2510 in
428 2433 520 2510 locis
535 2459 711 2514 sermone
730 2438 873 2528 utitur,
902 2451 948 2516 et·
959 2439 1042 2516 sine
1060 2466 1146 2516 nar·

152 2553 311 2630 rationis
342 2576 441 2654 ope,
475 2550 731 2628 miserationis
759 2578 804 2628 ae
822 2554 1143 2655 terrorisspeota-

156 2669 267 2759 culo,
288 2667 358 2744 hos
369 2667 470 2770 ipsos
490 2666 649 2745 affectate
662 2682 702 2745 ct
721 2668 815 2747 alios
827 2683 968 2774 purgat
986 2671 1142 2750 similes.

153 2787 265 2865 lstius
279 2783 370 2865 verb
384 2783 632 2876 definitionis,
647 2813 778 2866 omnes
798 2788 1146 2894 antequampartes

153 2904 375 3008 singulatim
400 2917 643 2996 scrutemur,
680 2908 776 2986 duas
796 2933 901 2985 nuno
933 2909 1144 3014 praecipuas

156 3021 400 3110 notabimus,
422 3046 539 3097 unam
562 3024 639 3123 qut
676 3023 899 3100 imitationis
921 3024 1144 3125 qualitates,

152 3131 314 3215 ‘alteram
351 3139 428 3241 qud
458 3138 631 3242 ejusdem
669 3137 755 3214 finis
783 3137 1020 3242 designatur.
1055 3141 1146 3219 Fine

155 3267 282 3331 autem
294 3254 374 3343 illo,
392 3259 468 3356 quo
475 3253 637 3332 levanda
651 3255 837 3359 quaeritur
846 3256 1023 3336 humanae
1043 3258 1147 3337 indo-

155 3371 201 3450 lis
220 3370 412 3460 debilitas,
422 3372 504 3474 jam
522 3373 859 3477 comprobaremus
870 3377 1145 3480 tragicamimi-

157 3488 339 3566 tationem
362 3488 636 3568 universalium
656 3518 810 3595 quoque
830 3494 1146 3571 alilatuldearum

156 3605 314 3694 donari,
353 3597 502 3686 etiamsi
543 3636 589 3690 ea
624 3609 683 3686 his
715 3637 800 3714 quae
826 3611 991 3689 diximus
1028 3611 1146 3715 suspi-

159 3725 300 3804 careris
338 3726 474 3817 illam,
508 3755 577 3833 per
610 3728 808 3832 adjunctas
844 3730 1071 3833 qualitates,
1106 3729 1146 3808 in
